<?xml version="1.0" encoding="UTF-8"?>
<!DOCTYPE html PUBLIC "-//W3C//DTD XHTML 1.0 Transitional//EN"
    "http://www.w3.org/TR/xhtml1/DTD/xhtml1-transitional.dtd">
<html xmlns="http://www.w3.org/1999/xhtml" xml:lang="en" lang="en">
 <head>
  <title>
</title>
<meta http-equiv="Content-Type" content="text/html;charset=utf-8" />
  <meta name='ocr-system' content='tesseract 3.04.00' />
  <meta name='ocr-capabilities' content='ocr_page ocr_carea ocr_par ocr_line ocrx_word'/>
</head>
<body>
  <div class='ocr_page' id='page_1' title='image "./nahumideninovat03stragoog/nahumideninovat03stragoog_0157.png"; bbox 0 0 3126 5000; ppageno 0'>
   <div class='ocr_carea' id='block_1_1' title="bbox 630 331 1288 409">
    <p class='ocr_par' dir='ltr' id='par_1_1' title="bbox 630 331 1288 409">
     <span class='ocr_line' id='line_1_1' title="bbox 630 331 1288 409; baseline -0.005 -15"><span class='ocrx_word' id='word_1_1' title='bbox 630 335 702 394; x_wconf 81' lang='lat' dir='ltr'>Gne.</span> <span class='ocrx_word' id='word_1_2' title='bbox 717 335 763 409; x_wconf 89' lang='lat'>11,</span> <span class='ocrx_word' id='word_1_3' title='bbox 782 355 810 393; x_wconf 84' lang='lat' dir='ltr'>v.</span> <span class='ocrx_word' id='word_1_4' title='bbox 826 341 851 393; x_wconf 81' lang='lat' dir='ltr'>t.</span> <span class='ocrx_word' id='word_1_5' title='bbox 1244 331 1288 402; x_wconf 82' lang='grc'>67</span> 
     </span>
    </p>
   </div>
   <div class='ocr_carea' id='block_1_2' title="bbox 186 517 1294 3308">
    <p class='ocr_par' dir='ltr' id='par_1_2' title="bbox 186 517 1293 1602">
     <span class='ocr_line' id='line_1_2' title="bbox 188 517 1289 598; baseline 0.001 -18"><span class='ocrx_word' id='word_1_6' title='bbox 188 521 294 581; x_wconf 88' lang='lat' dir='ltr'>mentis</span> <span class='ocrx_word' id='word_1_7' title='bbox 317 528 434 596; x_wconf 88' lang='lat' dir='ltr'>posset,</span> <span class='ocrx_word' id='word_1_8' title='bbox 465 519 555 579; x_wconf 88' lang='lat' dir='ltr'>scutis</span> <span class='ocrx_word' id='word_1_9' title='bbox 581 519 718 578; x_wconf 90' lang='lat' dir='ltr'>nimirum</span> <span class='ocrx_word' id='word_1_10' title='bbox 742 518 904 579; x_wconf 89' lang='lat' dir='ltr'>maioribus</span> <span class='ocrx_word' id='word_1_11' title='bbox 928 517 1010 578; x_wconf 83' lang='lat' dir='ltr'>illis¹</span> <span class='ocrx_word' id='word_1_12' title='bbox 1036 519 1101 578; x_wconf 92' lang='lat' dir='ltr'>solo</span> <span class='ocrx_word' id='word_1_13' title='bbox 1125 521 1289 598; x_wconf 84' lang='lat' dir='ltr'>iuflgendis,</span> 
     </span>
     <span class='ocr_line' id='line_1_3' title="bbox 188 619 1291 700; baseline 0.001 -20"><span class='ocrx_word' id='word_1_14' title='bbox 188 623 296 700; x_wconf 89' lang='lat' dir='ltr'>quibus</span> <span class='ocrx_word' id='word_1_15' title='bbox 314 622 374 680; x_wconf 89' lang='lat' dir='ltr'>tela</span> <span class='ocrx_word' id='word_1_16' title='bbox 394 620 560 697; x_wconf 81' lang='lat' dir='ltr'>ingruentia</span> <span class='ocrx_word' id='word_1_17' title='bbox 583 620 743 678; x_wconf 88' lang='lat' dir='ltr'>defendunt</span> <span class='ocrx_word' id='word_1_18' title='bbox 766 619 928 695; x_wconf 87' lang='lat' dir='ltr'>sagittarii;</span> <span class='ocrx_word' id='word_1_19' title='bbox 952 625 983 678; x_wconf 89' lang='lat' dir='ltr'>at</span> <span class='ocrx_word' id='word_1_20' title='bbox 1000 621 1038 678; x_wconf 90' lang='lat' dir='ltr'>ab</span> <span class='ocrx_word' id='word_1_21' title='bbox 1063 620 1100 679; x_wconf 92' lang='lat' dir='ltr'>iis</span> <span class='ocrx_word' id='word_1_22' title='bbox 1117 640 1176 679; x_wconf 88' lang='lat' dir='ltr'>non</span> <span class='ocrx_word' id='word_1_23' title='bbox 1194 630 1291 681; x_wconf 82' lang='lat' dir='ltr'>tanto-</span> 
     </span>
     <span class='ocr_line' id='line_1_4' title="bbox 187 721 1292 798; baseline 0 -18"><span class='ocrx_word' id='word_1_24' title='bbox 187 741 258 798; x_wconf 88' lang='lat' dir='ltr'>pere</span> <span class='ocrx_word' id='word_1_25' title='bbox 274 722 437 780; x_wconf 88' lang='lat' dir='ltr'>timendum</span> <span class='ocrx_word' id='word_1_26' title='bbox 454 729 519 780; x_wconf 88' lang='lat' dir='ltr'>erat</span> <span class='ocrx_word' id='word_1_27' title='bbox 535 721 730 797; x_wconf 83' lang='lat' dir='ltr'>oppugnatis3</span> <span class='ocrx_word' id='word_1_28' title='bbox 755 721 851 780; x_wconf 90' lang='lat' dir='ltr'>omnis</span> <span class='ocrx_word' id='word_1_29' title='bbox 869 729 965 779; x_wconf 88' lang='lat' dir='ltr'>autem</span> <span class='ocrx_word' id='word_1_30' title='bbox 984 722 1193 780; x_wconf 87' lang='lat' dir='ltr'>sententiarum</span> <span class='ocrx_word' id='word_1_31' title='bbox 1218 725 1292 781; x_wconf 91' lang='lat' dir='ltr'>ordo</span> 
     </span>
     <span class='ocr_line' id='line_1_5' title="bbox 187 821 1292 900; baseline 0.002 -19"><span class='ocrx_word' id='word_1_32' title='bbox 187 832 277 900; x_wconf 84' lang='lat' dir='ltr'>atque</span> <span class='ocrx_word' id='word_1_33' title='bbox 299 839 475 898; x_wconf 86' lang='lat' dir='ltr'>progressus</span> <span class='ocrx_word' id='word_1_34' title='bbox 498 821 663 880; x_wconf 84' lang='lat' dir='ltr'>machinam</span> <span class='ocrx_word' id='word_1_35' title='bbox 685 821 815 898; x_wconf 88' lang='lat' dir='ltr'>aliquam</span> <span class='ocrx_word' id='word_1_36' title='bbox 832 821 945 897; x_wconf 84' lang='lat' dir='ltr'>arguit,</span> <span class='ocrx_word' id='word_1_37' title='bbox 970 839 1047 897; x_wconf 90' lang='lat' dir='ltr'>quae</span> <span class='ocrx_word' id='word_1_38' title='bbox 1065 839 1210 880; x_wconf 90' lang='lat' dir='ltr'>summum</span> <span class='ocrx_word' id='word_1_39' title='bbox 1232 823 1292 883; x_wconf 89' lang='lat' dir='ltr'>illis</span> 
     </span>
     <span class='ocr_line' id='line_1_6' title="bbox 187 920 1293 998; baseline 0 -16"><span class='ocrx_word' id='word_1_40' title='bbox 187 932 331 982; x_wconf 86' lang='lat' dir='ltr'>terrorem</span> <span class='ocrx_word' id='word_1_41' title='bbox 354 922 500 993; x_wconf 69' lang='lat' dir='ltr'>inficeret,</span> <span class='ocrx_word' id='word_1_42' title='bbox 523 920 628 980; x_wconf 89' lang='lat' dir='ltr'>deinde</span> <span class='ocrx_word' id='word_1_43' title='bbox 653 929 807 998; x_wconf 88' lang='lat' dir='ltr'>portarum</span> <span class='ocrx_word' id='word_1_44' title='bbox 829 921 990 998; x_wconf 75' lang='lat' dir='ltr'><strong>patefactio</strong></span> <span class='ocrx_word' id='word_1_45' title='bbox 1013 922 1167 982; x_wconf 79' lang='lat' dir='ltr'><strong>confestim</strong></span> <span class='ocrx_word' id='word_1_46' title='bbox 1191 924 1293 983; x_wconf 88' lang='lat' dir='ltr'>addita</span> 
     </span>
     <span class='ocr_line' id='line_1_7' title="bbox 186 1021 1292 1100; baseline 0.001 -18"><span class='ocrx_word' id='word_1_47' title='bbox 186 1027 245 1082; x_wconf 77' lang='lat' dir='ltr'>v.”l</span> <span class='ocrx_word' id='word_1_48' title='bbox 263 1023 438 1082; x_wconf 79' lang='lat' dir='ltr'>testudinem</span> <span class='ocrx_word' id='word_1_49' title='bbox 456 1023 623 1081; x_wconf 69' lang='lat' dir='ltr'>auctoriam</span> <span class='ocrx_word' id='word_1_50' title='bbox 641 1022 759 1099; x_wconf 85' lang='lat' dir='ltr'>exigere</span> <span class='ocrx_word' id='word_1_51' title='bbox 775 1022 900 1082; x_wconf 80' lang='lat' dir='ltr'>videtur.</span> <span class='ocrx_word' id='word_1_52' title='bbox 927 1021 994 1096; x_wconf 79' lang='lat' dir='ltr'>Quo</span> <span class='ocrx_word' id='word_1_53' title='bbox 1012 1022 1042 1080; x_wconf 86' lang='lat' dir='ltr'>iu</span> <span class='ocrx_word' id='word_1_54' title='bbox 1059 1041 1165 1100; x_wconf 80' lang='lat' dir='ltr'>genere</span> <span class='ocrx_word' id='word_1_55' title='bbox 1182 1043 1220 1083; x_wconf 89' lang='lat' dir='ltr'>ex</span> <span class='ocrx_word' id='word_1_56' title='bbox 1233 1025 1292 1084; x_wconf 88' lang='lat' dir='ltr'>As·</span> 
     </span>
     <span class='ocr_line' id='line_1_8' title="bbox 189 1122 1293 1201; baseline 0 -17"><span class='ocrx_word' id='word_1_57' title='bbox 189 1124 338 1201; x_wconf 88' lang='lat' dir='ltr'>syriorum</span> <span class='ocrx_word' id='word_1_58' title='bbox 355 1131 500 1200; x_wconf 84' lang='lat' dir='ltr'>apparatu</span> <span class='ocrx_word' id='word_1_59' title='bbox 518 1123 624 1182; x_wconf 89' lang='lat' dir='ltr'>bellico</span> <span class='ocrx_word' id='word_1_60' title='bbox 649 1141 709 1180; x_wconf 89' lang='lat' dir='ltr'>non</span> <span class='ocrx_word' id='word_1_61' title='bbox 726 1130 836 1182; x_wconf 86' lang='lat' dir='ltr'>temere</span> <span class='ocrx_word' id='word_1_62' title='bbox 852 1122 1053 1182; x_wconf 85' lang='lat' dir='ltr'>concludendo</span> <span class='ocrx_word' id='word_1_63' title='bbox 1070 1123 1182 1201; x_wconf 87' lang='lat' dir='ltr'>aliquid</span> <span class='ocrx_word' id='word_1_64' title='bbox 1205 1124 1293 1184; x_wconf 85' lang='lat' dir='ltr'>ellur-</span> 
     </span>
     <span class='ocr_line' id='line_1_9' title="bbox 188 1222 1291 1300; baseline 0.002 -18"><span class='ocrx_word' id='word_1_65' title='bbox 188 1224 249 1284; x_wconf 91' lang='lat' dir='ltr'>isse</span> <span class='ocrx_word' id='word_1_66' title='bbox 269 1224 404 1283; x_wconf 88' lang='lat' dir='ltr'>videmur</span> <span class='ocrx_word' id='word_1_67' title='bbox 426 1223 462 1282; x_wconf 88' lang='lat' dir='ltr'>de</span> <span class='ocrx_word' id='word_1_68' title='bbox 483 1223 578 1282; x_wconf 88' lang='lat' dir='ltr'>Medis</span> <span class='ocrx_word' id='word_1_69' title='bbox 602 1231 631 1281; x_wconf 88' lang='lat' dir='ltr'>st</span> <span class='ocrx_word' id='word_1_70' title='bbox 650 1222 843 1300; x_wconf 83' lang='lat' dir='ltr'>Babyloniis3</span> <span class='ocrx_word' id='word_1_71' title='bbox 867 1222 1113 1282; x_wconf 87' lang='lat' dir='ltr'>considerandum</span> <span class='ocrx_word' id='word_1_72' title='bbox 1136 1233 1181 1284; x_wconf 90' lang='lat' dir='ltr'>est</span> <span class='ocrx_word' id='word_1_73' title='bbox 1204 1226 1291 1299; x_wconf 88' lang='lat' dir='ltr'>enim,</span> 
     </span>
     <span class='ocr_line' id='line_1_10' title="bbox 188 1323 1293 1404; baseline 0.004 -22"><span class='ocrx_word' id='word_1_74' title='bbox 188 1325 326 1383; x_wconf 89' lang='lat' dir='ltr'>diuturno</span> <span class='ocrx_word' id='word_1_75' title='bbox 350 1323 467 1402; x_wconf 87' lang='lat' dir='ltr'>imperii</span> <span class='ocrx_word' id='word_1_76' title='bbox 488 1323 606 1384; x_wconf 89' lang='lat' dir='ltr'>vinculo</span> <span class='ocrx_word' id='word_1_77' title='bbox 630 1331 659 1382; x_wconf 87' lang='lat' dir='ltr'>et</span> <span class='ocrx_word' id='word_1_78' title='bbox 681 1342 796 1383; x_wconf 88' lang='lat' dir='ltr'>morum</span> <span class='ocrx_word' id='word_1_79' title='bbox 819 1323 1023 1382; x_wconf 87' lang='lat' dir='ltr'>communione</span> <span class='ocrx_word' id='word_1_80' title='bbox 1045 1343 1097 1384; x_wconf 93' lang='lat' dir='ltr'>eos</span> <span class='ocrx_word' id='word_1_81' title='bbox 1114 1342 1180 1384; x_wconf 88' lang='lat' dir='ltr'>cum</span> <span class='ocrx_word' id='word_1_82' title='bbox 1197 1329 1293 1404; x_wconf 87' lang='lat' dir='ltr'>Assy-</span> 
     </span>
     <span class='ocr_line' id='line_1_11' title="bbox 187 1424 1292 1504; baseline 0.003 -21"><span class='ocrx_word' id='word_1_83' title='bbox 187 1425 240 1485; x_wconf 90' lang='lat' dir='ltr'>riis</span> <span class='ocrx_word' id='word_1_84' title='bbox 257 1425 349 1486; x_wconf 84' lang='lat' dir='ltr'>fuisse</span> <span class='ocrx_word' id='word_1_85' title='bbox 371 1433 538 1497; x_wconf 82' lang='lat' dir='ltr'>contentos3</span> <span class='ocrx_word' id='word_1_86' title='bbox 562 1432 624 1482; x_wconf 89' lang='lat' dir='ltr'>tum</span> <span class='ocrx_word' id='word_1_87' title='bbox 647 1443 719 1484; x_wconf 87' lang='lat' dir='ltr'>vero</span> <span class='ocrx_word' id='word_1_88' title='bbox 736 1424 921 1501; x_wconf 87' lang='lat' dir='ltr'>Babylonios</span> <span class='ocrx_word' id='word_1_89' title='bbox 939 1425 1066 1484; x_wconf 87' lang='lat' dir='ltr'>admotis</span> <span class='ocrx_word' id='word_1_90' title='bbox 1084 1426 1215 1486; x_wconf 85' lang='lat' dir='ltr'>turribus</span> <span class='ocrx_word' id='word_1_91' title='bbox 1239 1445 1292 1504; x_wconf 94' lang='lat' dir='ltr'>op·</span> 
     </span>
     <span class='ocr_line' id='line_1_12' title="bbox 189 1525 937 1602; baseline 0 -20"><span class='ocrx_word' id='word_1_92' title='bbox 189 1526 260 1601; x_wconf 86' lang='lat' dir='ltr'>pide</span> <span class='ocrx_word' id='word_1_93' title='bbox 277 1544 467 1602; x_wconf 82' lang='lat' dir='ltr'>oppugnasse</span> <span class='ocrx_word' id='word_1_94' title='bbox 484 1525 592 1584; x_wconf 88' lang='lat' dir='ltr'>scimus</span> <span class='ocrx_word' id='word_1_95' title='bbox 610 1525 661 1582; x_wconf 83' lang='lat' dir='ltr'>cfr.</span> <span class='ocrx_word' id='word_1_96' title='bbox 679 1526 735 1584; x_wconf 89' lang='lat' dir='ltr'>les.</span> <span class='ocrx_word' id='word_1_97' title='bbox 753 1525 878 1597; x_wconf 86' lang='lat' dir='ltr'>XXIII,</span> <span class='ocrx_word' id='word_1_98' title='bbox 897 1528 937 1583; x_wconf 89' lang='grc'>13.</span> 
     </span>
    </p>

    <p class='ocr_par' dir='ltr' id='par_1_3' title="bbox 187 1625 1294 2807">
     <span class='ocr_line' id='line_1_13' title="bbox 239 1625 1293 1698; baseline 0.002 -14"><span class='ocrx_word' id='word_1_99' title='bbox 239 1627 301 1684; x_wconf 89' lang='lat' dir='ltr'>Iam</span> <span class='ocrx_word' id='word_1_100' title='bbox 316 1644 387 1684; x_wconf 86' lang='lat' dir='ltr'>vero</span> <span class='ocrx_word' id='word_1_101' title='bbox 405 1626 567 1684; x_wconf 90' lang='lat' dir='ltr'>cavendum</span> <span class='ocrx_word' id='word_1_102' title='bbox 578 1625 707 1698; x_wconf 90' lang='lat' dir='ltr'>videtur,</span> <span class='ocrx_word' id='word_1_103' title='bbox 726 1645 762 1683; x_wconf 92' lang='lat' dir='ltr'>ne</span> <span class='ocrx_word' id='word_1_104' title='bbox 780 1625 925 1685; x_wconf 87' lang='lat' dir='ltr'>sententia</span> <span class='ocrx_word' id='word_1_105' title='bbox 941 1633 1044 1683; x_wconf 91' lang='lat' dir='ltr'>nostra</span> <span class='ocrx_word' id='word_1_106' title='bbox 1062 1626 1193 1686; x_wconf 82' lang='lat' dir='ltr'>funditus</span> <span class='ocrx_word' id='word_1_107' title='bbox 1211 1645 1293 1686; x_wconf 82' lang='lat' dir='ltr'>erer-</span> 
     </span>
     <span class='ocr_line' id='line_1_14' title="bbox 188 1714 1293 1804; baseline -0.001 -18"><span class='ocrx_word' id='word_1_108' title='bbox 188 1714 277 1786; x_wconf 85' lang='lat' dir='ltr'>tatur.</span> <span class='ocrx_word' id='word_1_109' title='bbox 312 1725 393 1784; x_wconf 90' lang='lat' dir='ltr'>Nam</span> <span class='ocrx_word' id='word_1_110' title='bbox 411 1725 491 1804; x_wconf 91' lang='lat' dir='ltr'>quod</span> <span class='ocrx_word' id='word_1_111' title='bbox 508 1725 708 1784; x_wconf 77' lang='lat' dir='ltr'>Kaumsnrun</span> <span class='ocrx_word' id='word_1_112' title='bbox 724 1725 891 1801; x_wconf 74' lang='lat' dir='ltr'>prohibuit,</span> <span class='ocrx_word' id='word_1_113' title='bbox 910 1724 1067 1801; x_wconf 81' lang='lat' dir='ltr'>quominus</span> <span class='ocrx_word' id='word_1_114' title='bbox 1084 1727 1121 1784; x_wconf 87' lang='lat' dir='ltr'>de</span> <span class='ocrx_word' id='word_1_115' title='bbox 1138 1727 1293 1786; x_wconf 88' lang='lat' dir='ltr'>testudini-</span> 
     </span>
     <span class='ocr_line' id='line_1_15' title="bbox 188 1825 1293 1902; baseline 0.001 -17"><span class='ocrx_word' id='word_1_116' title='bbox 188 1828 245 1886; x_wconf 91' lang='lat' dir='ltr'>bus</span> <span class='ocrx_word' id='word_1_117' title='bbox 263 1826 420 1902; x_wconf 80' lang='lat' dir='ltr'>cogitaret,</span> <span class='ocrx_word' id='word_1_118' title='bbox 438 1826 579 1885; x_wconf 81' lang='lat' dir='ltr'>Drooom</span> <span class='ocrx_word' id='word_1_119' title='bbox 598 1825 664 1884; x_wconf 88' lang='lat' dir='ltr'>dico</span> <span class='ocrx_word' id='word_1_120' title='bbox 681 1827 772 1884; x_wconf 87' lang='lat' dir='ltr'>verba</span> <span class='ocrx_word' id='word_1_121' title='bbox 788 1826 829 1898; x_wconf 90' lang='lat' dir='ltr'>II,</span> <span class='ocrx_word' id='word_1_122' title='bbox 846 1829 889 1897; x_wconf 76' lang='lat'>27,</span> <span class='ocrx_word' id='word_1_123' title='bbox 908 1825 1052 1884; x_wconf 91' lang='lat' dir='ltr'>eiusmodi</span> <span class='ocrx_word' id='word_1_124' title='bbox 1069 1827 1220 1886; x_wconf 87' lang='lat' dir='ltr'>machinas</span> <span class='ocrx_word' id='word_1_125' title='bbox 1237 1829 1293 1886; x_wconf 90' lang='lat' dir='ltr'>sub</span> 
     </span>
     <span class='ocr_line' id='line_1_16' title="bbox 188 1923 1293 1999; baseline 0.002 -14"><span class='ocrx_word' id='word_1_126' title='bbox 188 1927 308 1986; x_wconf 80' lang='lat' dir='ltr'>Arbace</span> <span class='ocrx_word' id='word_1_127' title='bbox 332 1927 462 1985; x_wconf 90' lang='lat' dir='ltr'>nondum</span> <span class='ocrx_word' id='word_1_128' title='bbox 485 1926 578 1985; x_wconf 85' lang='lat' dir='ltr'>fuisse</span> <span class='ocrx_word' id='word_1_129' title='bbox 603 1926 755 1999; x_wconf 86' lang='lat' dir='ltr'>inventas,</span> <span class='ocrx_word' id='word_1_130' title='bbox 784 1927 861 1984; x_wconf 90' lang='lat' dir='ltr'>idem</span> <span class='ocrx_word' id='word_1_131' title='bbox 887 1925 1041 1985; x_wconf 67' lang='lat' dir='ltr'>Hebraeo</span> <span class='ocrx_word' id='word_1_132' title='bbox 1056 1923 1081 1999; x_wconf 82' lang='lat'>²,</span> <span class='ocrx_word' id='word_1_133' title='bbox 1110 1945 1177 1985; x_wconf 89' lang='lat' dir='ltr'>cum</span> <span class='ocrx_word' id='word_1_134' title='bbox 1199 1928 1293 1988; x_wconf 81' lang='lat' dir='ltr'>ocella</span> 
     </span>
     <span class='ocr_line' id='line_1_17' title="bbox 189 2026 1292 2104; baseline 0.002 -18"><span class='ocrx_word' id='word_1_135' title='bbox 189 2027 251 2086; x_wconf 87' lang='lat' dir='ltr'>suis</span> <span class='ocrx_word' id='word_1_136' title='bbox 274 2028 305 2085; x_wconf 91' lang='lat' dir='ltr'>in</span> <span class='ocrx_word' id='word_1_137' title='bbox 323 2027 538 2104; x_wconf 79' lang='lat' dir='ltr'>antiquissimis</span> <span class='ocrx_word' id='word_1_138' title='bbox 561 2028 649 2086; x_wconf 87' lang='lat' dir='ltr'>etiam</span> <span class='ocrx_word' id='word_1_139' title='bbox 666 2028 861 2104; x_wconf 83' lang='lat' dir='ltr'>Assyriorum</span> <span class='ocrx_word' id='word_1_140' title='bbox 884 2026 1080 2085; x_wconf 89' lang='lat' dir='ltr'>monumentis</span> <span class='ocrx_word' id='word_1_141' title='bbox 1097 2028 1196 2092; x_wconf 87' lang='lat' dir='ltr'>varias</span> <span class='ocrx_word' id='word_1_142' title='bbox 1215 2029 1292 2088; x_wconf 89' lang='lat' dir='ltr'>eius·</span> 
     </span>
     <span class='ocr_line' id='line_1_18' title="bbox 188 2126 1294 2205; baseline -0.001 -18"><span class='ocrx_word' id='word_1_143' title='bbox 188 2128 270 2187; x_wconf 91' lang='lat' dir='ltr'>modi</span> <span class='ocrx_word' id='word_1_144' title='bbox 287 2128 399 2204; x_wconf 85' lang='lat' dir='ltr'>species</span> <span class='ocrx_word' id='word_1_145' title='bbox 416 2129 614 2204; x_wconf 81' lang='lat' dir='ltr'>conspiceret,</span> <span class='ocrx_word' id='word_1_146' title='bbox 641 2129 789 2205; x_wconf 84' lang='lat' dir='ltr'>egregium</span> <span class='ocrx_word' id='word_1_147' title='bbox 808 2126 966 2203; x_wconf 85' lang='lat' dir='ltr'>singularis</span> <span class='ocrx_word' id='word_1_148' title='bbox 984 2127 1145 2186; x_wconf 90' lang='lat' dir='ltr'>sententiae</span> <span class='ocrx_word' id='word_1_149' title='bbox 1161 2147 1233 2188; x_wconf 85' lang='lat' dir='ltr'>suaa</span> <span class='ocrx_word' id='word_1_150' title='bbox 1249 2130 1294 2188; x_wconf 90' lang='lat' dir='ltr'>vi-</span> 
     </span>
     <span class='ocr_line' id='line_1_19' title="bbox 188 2227 1294 2306; baseline 0.002 -20"><span class='ocrx_word' id='word_1_151' title='bbox 188 2229 274 2286; x_wconf 90' lang='lat' dir='ltr'>detur</span> <span class='ocrx_word' id='word_1_152' title='bbox 291 2227 512 2302; x_wconf 87' lang='lat' dir='ltr'>documentum,</span> <span class='ocrx_word' id='word_1_153' title='bbox 538 2247 575 2288; x_wconf 85' lang='lat' dir='ltr'>ex</span> <span class='ocrx_word' id='word_1_154' title='bbox 593 2248 653 2306; x_wconf 85' lang='lat' dir='ltr'>qua</span> <span class='ocrx_word' id='word_1_155' title='bbox 669 2237 859 2288; x_wconf 90' lang='lat' dir='ltr'>monumenta</span> <span class='ocrx_word' id='word_1_156' title='bbox 875 2247 968 2303; x_wconf 89' lang='lat' dir='ltr'>nuper</span> <span class='ocrx_word' id='word_1_157' title='bbox 984 2236 1103 2304; x_wconf 87' lang='lat' dir='ltr'>reperta</span> <span class='ocrx_word' id='word_1_158' title='bbox 1119 2247 1180 2287; x_wconf 90' lang='lat' dir='ltr'>non</span> <span class='ocrx_word' id='word_1_159' title='bbox 1197 2232 1294 2306; x_wconf 87' lang='lat' dir='ltr'>Assy·</span> 
     </span>
     <span class='ocr_line' id='line_1_20' title="bbox 187 2327 1292 2405; baseline 0.001 -19"><span class='ocrx_word' id='word_1_160' title='bbox 187 2327 299 2386; x_wconf 82' lang='lat' dir='ltr'>riorum</span> <span class='ocrx_word' id='word_1_161' title='bbox 317 2329 369 2387; x_wconf 89' lang='lat' dir='ltr'>sed</span> <span class='ocrx_word' id='word_1_162' title='bbox 385 2329 545 2387; x_wconf 82' lang='lat' dir='ltr'>Persarum</span> <span class='ocrx_word' id='word_1_163' title='bbox 569 2347 633 2388; x_wconf 86' lang='lat' dir='ltr'>esse</span> <span class='ocrx_word' id='word_1_164' title='bbox 651 2330 798 2405; x_wconf 84' lang='lat' dir='ltr'>opinatur.</span> <span class='ocrx_word' id='word_1_165' title='bbox 825 2329 936 2388; x_wconf 86' lang='lat' dir='ltr'>Verum</span> <span class='ocrx_word' id='word_1_166' title='bbox 953 2346 1019 2385; x_wconf 90' lang='lat' dir='ltr'>cum</span> <span class='ocrx_word' id='word_1_167' title='bbox 1037 2335 1083 2385; x_wconf 90' lang='lat' dir='ltr'>tot</span> <span class='ocrx_word' id='word_1_168' title='bbox 1100 2327 1166 2387; x_wconf 89' lang='lat' dir='ltr'>aliis</span> <span class='ocrx_word' id='word_1_169' title='bbox 1190 2349 1229 2388; x_wconf 85' lang='lat' dir='ltr'>ex</span> <span class='ocrx_word' id='word_1_170' title='bbox 1247 2349 1292 2387; x_wconf 88' lang='lat' dir='ltr'>re-</span> 
     </span>
     <span class='ocr_line' id='line_1_21' title="bbox 188 2427 1292 2505; baseline 0.003 -19"><span class='ocrx_word' id='word_1_171' title='bbox 188 2429 244 2487; x_wconf 91' lang='lat' dir='ltr'>bus</span> <span class='ocrx_word' id='word_1_172' title='bbox 262 2427 397 2505; x_wconf 87' lang='lat' dir='ltr'>Assyriis</span> <span class='ocrx_word' id='word_1_173' title='bbox 413 2427 466 2486; x_wconf 90' lang='lat' dir='ltr'>illa</span> <span class='ocrx_word' id='word_1_174' title='bbox 483 2428 678 2487; x_wconf 88' lang='lat' dir='ltr'>adscribenda</span> <span class='ocrx_word' id='word_1_175' title='bbox 701 2447 766 2487; x_wconf 88' lang='lat' dir='ltr'>esse</span> <span class='ocrx_word' id='word_1_176' title='bbox 783 2435 898 2487; x_wconf 89' lang='lat' dir='ltr'>constet</span> <span class='ocrx_word' id='word_1_177' title='bbox 918 2435 947 2485; x_wconf 94' lang='lat' dir='ltr'>et</span> <span class='ocrx_word' id='word_1_178' title='bbox 964 2435 1081 2503; x_wconf 88' lang='lat' dir='ltr'>tempus</span> <span class='ocrx_word' id='word_1_179' title='bbox 1098 2446 1199 2486; x_wconf 90' lang='lat' dir='ltr'>eorum</span> <span class='ocrx_word' id='word_1_180' title='bbox 1218 2429 1292 2488; x_wconf 89' lang='lat' dir='ltr'>satis</span> 
     </span>
     <span class='ocr_line' id='line_1_22' title="bbox 188 2526 1292 2606; baseline 0 -18"><span class='ocrx_word' id='word_1_181' title='bbox 188 2527 325 2588; x_wconf 86' lang='lat' dir='ltr'>videatur</span> <span class='ocrx_word' id='word_1_182' title='bbox 342 2536 489 2601; x_wconf 81' lang='lat' dir='ltr'>constare,</span> <span class='ocrx_word' id='word_1_183' title='bbox 507 2527 680 2605; x_wconf 89' lang='lat' dir='ltr'>petitionem</span> <span class='ocrx_word' id='word_1_184' title='bbox 693 2528 847 2606; x_wconf 89' lang='lat' dir='ltr'>principii,</span> <span class='ocrx_word' id='word_1_185' title='bbox 867 2545 957 2603; x_wconf 87' lang='lat' dir='ltr'>quam</span> <span class='ocrx_word' id='word_1_186' title='bbox 970 2526 1061 2599; x_wconf 87' lang='lat' dir='ltr'>aiunt,</span> <span class='ocrx_word' id='word_1_187' title='bbox 1080 2546 1140 2586; x_wconf 87' lang='lat' dir='ltr'>non</span> <span class='ocrx_word' id='word_1_188' title='bbox 1159 2531 1292 2589; x_wconf 89' lang='lat' dir='ltr'>commit·</span> 
     </span>
     <span class='ocr_line' id='line_1_23' title="bbox 188 2626 1292 2702; baseline 0 -14"><span class='ocrx_word' id='word_1_189' title='bbox 188 2638 298 2702; x_wconf 88' lang='lat' dir='ltr'>temus,</span> <span class='ocrx_word' id='word_1_190' title='bbox 318 2629 343 2688; x_wconf 91' lang='lat' dir='ltr'>si</span> <span class='ocrx_word' id='word_1_191' title='bbox 361 2647 462 2688; x_wconf 89' lang='lat' dir='ltr'>eorum</span> <span class='ocrx_word' id='word_1_192' title='bbox 479 2629 656 2688; x_wconf 86' lang='lat' dir='ltr'>auctoritate</span> <span class='ocrx_word' id='word_1_193' title='bbox 669 2629 810 2688; x_wconf 82' lang='lat' dir='ltr'>Drooonr</span> <span class='ocrx_word' id='word_1_194' title='bbox 826 2626 837 2661; x_wconf 82' lang='lat'><strong>³</strong></span> <span class='ocrx_word' id='word_1_195' title='bbox 852 2628 944 2687; x_wconf 84' lang='lat' dir='ltr'>rerba</span> <span class='ocrx_word' id='word_1_196' title='bbox 960 2627 1082 2687; x_wconf 86' lang='lat' dir='ltr'>refutari</span> <span class='ocrx_word' id='word_1_197' title='bbox 1101 2637 1130 2688; x_wconf 85' lang='lat' dir='ltr'>et</span> <span class='ocrx_word' id='word_1_198' title='bbox 1146 2629 1292 2689; x_wconf 82' lang='lat' dir='ltr'>Hosssm</span> 
     </span>
     <span class='ocr_line' id='line_1_24' title="bbox 189 2728 1008 2807; baseline -0.006 -17"><span class='ocrx_word' id='word_1_199' title='bbox 189 2729 277 2790; x_wconf 89' lang='lat' dir='ltr'>simul</span> <span class='ocrx_word' id='word_1_200' title='bbox 293 2729 451 2791; x_wconf 88' lang='lat' dir='ltr'>arbitraria</span> <span class='ocrx_word' id='word_1_201' title='bbox 468 2738 634 2790; x_wconf 88' lang='lat' dir='ltr'>commenta</span> <span class='ocrx_word' id='word_1_202' title='bbox 650 2730 772 2807; x_wconf 86' lang='lat' dir='ltr'>explodi</span> <span class='ocrx_word' id='word_1_203' title='bbox 788 2728 1008 2788; x_wconf 84' lang='lat' dir='ltr'>contendamus.</span> 
     </span>
    </p>

    <p class='ocr_par' dir='ltr' id='par_1_4' title="bbox 188 2829 1294 3308">
     <span class='ocr_line' id='line_1_25' title="bbox 240 2829 1291 2906; baseline 0 -18"><span class='ocrx_word' id='word_1_204' title='bbox 240 2829 325 2905; x_wconf 82' lang='lat' dir='ltr'>Quae</span> <span class='ocrx_word' id='word_1_205' title='bbox 341 2849 407 2890; x_wconf 90' lang='lat' dir='ltr'>cum</span> <span class='ocrx_word' id='word_1_206' title='bbox 429 2832 472 2890; x_wconf 85' lang='lat' dir='ltr'>ita</span> <span class='ocrx_word' id='word_1_207' title='bbox 490 2831 565 2905; x_wconf 90' lang='lat' dir='ltr'>sint,</span> <span class='ocrx_word' id='word_1_208' title='bbox 591 2851 709 2891; x_wconf 86' lang='lat' dir='ltr'>versum</span> <span class='ocrx_word' id='word_1_209' title='bbox 725 2831 852 2904; x_wconf 87' lang='lat' dir='ltr'>huncce,</span> <span class='ocrx_word' id='word_1_210' title='bbox 875 2847 1031 2906; x_wconf 80' lang='lat' dir='ltr'>perperam</span> <span class='ocrx_word' id='word_1_211' title='bbox 1049 2837 1144 2888; x_wconf 91' lang='lat' dir='ltr'>totum</span> <span class='ocrx_word' id='word_1_212' title='bbox 1167 2830 1291 2888; x_wconf 91' lang='lat' dir='ltr'>relatum</span> 
     </span>
     <span class='ocr_line' id='line_1_26' title="bbox 189 2929 1292 3009; baseline -0.002 -19"><span class='ocrx_word' id='word_1_213' title='bbox 189 2931 228 2990; x_wconf 83' lang='lat' dir='ltr'>ad</span> <span class='ocrx_word' id='word_1_214' title='bbox 244 2931 390 3009; x_wconf 84' lang='lat' dir='ltr'>Assyrios</span> <span class='ocrx_word' id='word_1_215' title='bbox 408 2931 446 2990; x_wconf 90' lang='lat' dir='ltr'>ab</span> <span class='ocrx_word' id='word_1_216' title='bbox 470 2931 677 3006; x_wconf 82' lang='lat' dir='ltr'>Hrnnouruo,</span> <span class='ocrx_word' id='word_1_217' title='bbox 699 2931 935 3004; x_wconf 81' lang='lat' dir='ltr'>Tuuoooaaro,</span> <span class='ocrx_word' id='word_1_218' title='bbox 959 2929 1112 3004; x_wconf 73' lang='lat' dir='ltr'>omaro,</span> <span class='ocrx_word' id='word_1_219' title='bbox 1135 2931 1292 3006; x_wconf 73' lang='lat' dir='ltr'>Mancuro,</span> 
     </span>
     <span class='ocr_line' id='line_1_27' title="bbox 188 3029 1294 3108; baseline 0.002 -19"><span class='ocrx_word' id='word_1_220' title='bbox 188 3029 301 3104; x_wconf 77' lang='lat' dir='ltr'>Taua,</span> <span class='ocrx_word' id='word_1_221' title='bbox 319 3032 397 3105; x_wconf 76' lang='lat' dir='ltr'>Iun,</span> <span class='ocrx_word' id='word_1_222' title='bbox 415 3033 492 3105; x_wconf 68' lang='lat' dir='ltr'>Ilw,</span> <span class='ocrx_word' id='word_1_223' title='bbox 510 3032 623 3105; x_wconf 76' lang='lat' dir='ltr'>Ureu,</span> <span class='ocrx_word' id='word_1_224' title='bbox 640 3033 743 3107; x_wconf 86' lang='lat' dir='ltr'>H1rz.,</span> <span class='ocrx_word' id='word_1_225' title='bbox 762 3034 805 3092; x_wconf 90' lang='lat' dir='ltr'>ita</span> <span class='ocrx_word' id='word_1_226' title='bbox 822 3032 934 3108; x_wconf 88' lang='lat' dir='ltr'>optime</span> <span class='ocrx_word' id='word_1_227' title='bbox 950 3030 1156 3107; x_wconf 83' lang='lat' dir='ltr'>dIsponemus,</span> <span class='ocrx_word' id='word_1_228' title='bbox 1181 3039 1294 3091; x_wconf 52' lang='lat' dir='ltr'>ut&#39;tres</span> 
     </span>
     <span class='ocr_line' id='line_1_28' title="bbox 188 3130 1293 3209; baseline 0.002 -21"><span class='ocrx_word' id='word_1_229' title='bbox 188 3130 304 3207; x_wconf 88' lang='lat' dir='ltr'>priores</span> <span class='ocrx_word' id='word_1_230' title='bbox 321 3132 482 3207; x_wconf 86' lang='lat' dir='ltr'>particulas</span> <span class='ocrx_word' id='word_1_231' title='bbox 500 3131 539 3190; x_wconf 81' lang='lat' dir='ltr'>ad</span> <span class='ocrx_word' id='word_1_232' title='bbox 556 3133 624 3192; x_wconf 89' lang='lat' dir='ltr'>illos</span> <span class='ocrx_word' id='word_1_233' title='bbox 641 3133 775 3209; x_wconf 88' lang='lat' dir='ltr'>quidem,</span> <span class='ocrx_word' id='word_1_234' title='bbox 795 3141 931 3209; x_wconf 83' lang='lat' dir='ltr'>quartam</span> <span class='ocrx_word' id='word_1_235' title='bbox 949 3138 1047 3188; x_wconf 88' lang='lat' dir='ltr'>autem</span> <span class='ocrx_word' id='word_1_236' title='bbox 1065 3131 1103 3189; x_wconf 92' lang='lat' dir='ltr'>ad</span> <span class='ocrx_word' id='word_1_237' title='bbox 1120 3132 1293 3190; x_wconf 87' lang='lat' dir='ltr'>coniunctas</span> 
     </span>
     <span class='ocr_line' id='line_1_29' title="bbox 189 3229 1086 3308; baseline -0.002 -18"><span class='ocrx_word' id='word_1_238' title='bbox 189 3231 343 3290; x_wconf 89' lang='lat' dir='ltr'>Medorum</span> <span class='ocrx_word' id='word_1_239' title='bbox 362 3240 391 3290; x_wconf 89' lang='lat' dir='ltr'>et</span> <span class='ocrx_word' id='word_1_240' title='bbox 407 3231 642 3308; x_wconf 85' lang='lat' dir='ltr'>Babyloniorum</span> <span class='ocrx_word' id='word_1_241' title='bbox 660 3233 763 3308; x_wconf 89' lang='lat' dir='ltr'>copias</span> <span class='ocrx_word' id='word_1_242' title='bbox 780 3232 912 3290; x_wconf 87' lang='lat' dir='ltr'>dicamus</span> <span class='ocrx_word' id='word_1_243' title='bbox 928 3229 1086 3305; x_wconf 89' lang='lat' dir='ltr'>pertinere.</span> 
     </span>
    </p>
   </div>
   <div class='ocr_carea' id='block_1_3' title="bbox 712 3486 784 3541">
    <p class='ocr_par' dir='ltr' id='par_1_5' title="bbox 712 3486 784 3541">
     <span class='ocr_line' id='line_1_30' title="bbox 712 3486 784 3541; baseline -0.028 -1"><span class='ocrx_word' id='word_1_244' title='bbox 712 3503 740 3541; x_wconf 85' lang='lat' dir='ltr'>v.</span> <span class='ocrx_word' id='word_1_245' title='bbox 759 3486 784 3539; x_wconf 82' lang='lat'>7.</span> 
     </span>
    </p>
   </div>
   <div class='ocr_carea' id='block_1_4' title="bbox 193 3628 1295 3807">
    <p class='ocr_par' dir='ltr' id='par_1_6' title="bbox 193 3628 1295 3807">
     <span class='ocr_line' id='line_1_31' title="bbox 242 3628 1295 3709; baseline -0.004 -19"><span class='ocrx_word' id='word_1_246' title='bbox 242 3634 352 3691; x_wconf 83' lang='lat' dir='ltr'>Portae</span> <span class='ocrx_word' id='word_1_247' title='bbox 363 3635 515 3707; x_wconf 82' lang='lat' dir='ltr'>fluuiorum</span> <span class='ocrx_word' id='word_1_248' title='bbox 528 3636 710 3709; x_wconf 82' lang='lat' dir='ltr'>aperiuntur,</span> <span class='ocrx_word' id='word_1_249' title='bbox 727 3641 754 3692; x_wconf 85' lang='lat' dir='ltr'>ct</span> <span class='ocrx_word' id='word_1_250' title='bbox 761 3632 904 3707; x_wconf 86' lang='lat' dir='ltr'>palatium</span> <span class='ocrx_word' id='word_1_251' title='bbox 917 3630 1029 3705; x_wconf 74' lang='lat' dir='ltr'>drffluit.</span> <span class='ocrx_word' id='word_1_252' title='bbox 1066 3630 1100 3688; x_wconf 93' lang='lat' dir='ltr'>In</span> <span class='ocrx_word' id='word_1_253' title='bbox 1114 3628 1295 3687; x_wconf 88' lang='lat' dir='ltr'>enucleanda</span> 
     </span>
     <span class='ocr_line' id='line_1_32' title="bbox 193 3729 1295 3807; baseline -0.002 -17"><span class='ocrx_word' id='word_1_254' title='bbox 193 3731 377 3792; x_wconf 74' lang='lat' dir='ltr'>versatissimi</span> <span class='ocrx_word' id='word_1_255' title='bbox 394 3731 479 3792; x_wconf 85' lang='lat' dir='ltr'>huius</span> <span class='ocrx_word' id='word_1_256' title='bbox 497 3734 642 3794; x_wconf 91' lang='lat' dir='ltr'>enunciati</span> <span class='ocrx_word' id='word_1_257' title='bbox 660 3731 806 3794; x_wconf 88' lang='lat' dir='ltr'>sententia</span> <span class='ocrx_word' id='word_1_258' title='bbox 823 3730 991 3807; x_wconf 85' lang='lat' dir='ltr'>religiosius</span> <span class='ocrx_word' id='word_1_259' title='bbox 1010 3730 1189 3807; x_wconf 89' lang='lat' dir='ltr'>sequendum</span> <span class='ocrx_word' id='word_1_260' title='bbox 1208 3729 1295 3788; x_wconf 91' lang='lat' dir='ltr'>nobis</span> 
     </span>
    </p>
   </div>
   <div class='ocr_carea' id='block_1_5' title="bbox 192 4015 1296 4337">
    <p class='ocr_par' dir='ltr' id='par_1_7' title="bbox 244 4015 1271 4082">
     <span class='ocr_line' id='line_1_33' title="bbox 244 4015 1271 4082; baseline -0.008 -12"><span class='ocrx_word' id='word_1_261' title='bbox 244 4020 270 4082; x_wconf 94' lang='lat'>1)</span> <span class='ocrx_word' id='word_1_262' title='bbox 287 4018 341 4070; x_wconf 76' lang='lat' dir='ltr'>Otr.</span> <span class='ocrx_word' id='word_1_263' title='bbox 358 4018 470 4068; x_wconf 65' lang='lat' dir='ltr'>Lernan</span> <span class='ocrx_word' id='word_1_264' title='bbox 487 4020 530 4082; x_wconf 81' lang='lat' dir='ltr'>fig.</span> <span class='ocrx_word' id='word_1_265' title='bbox 543 4021 588 4081; x_wconf 81' lang='lat'>58;</span> <span class='ocrx_word' id='word_1_266' title='bbox 606 4016 704 4068; x_wconf 78' lang='lat' dir='ltr'>Boron</span> <span class='ocrx_word' id='word_1_267' title='bbox 721 4035 746 4082; x_wconf 90' lang='lat' dir='ltr'>p.</span> <span class='ocrx_word' id='word_1_268' title='bbox 762 4020 820 4069; x_wconf 80' lang='lat'>276.</span> <span class='ocrx_word' id='word_1_269' title='bbox 833 4020 892 4069; x_wconf 75' lang='lat'>278.</span> <span class='ocrx_word' id='word_1_270' title='bbox 904 4019 962 4069; x_wconf 81' lang='lat'>320.</span> <span class='ocrx_word' id='word_1_271' title='bbox 985 4018 1031 4068; x_wconf 80' lang='lat' dir='ltr'>cfr.</span> <span class='ocrx_word' id='word_1_272' title='bbox 1050 4029 1126 4080; x_wconf 85' lang='lat' dir='ltr'>supra</span> <span class='ocrx_word' id='word_1_273' title='bbox 1142 4030 1167 4079; x_wconf 89' lang='lat' dir='ltr'>p.</span> <span class='ocrx_word' id='word_1_274' title='bbox 1176 4015 1208 4065; x_wconf 81' lang='grc'>07</span> <span class='ocrx_word' id='word_1_275' title='bbox 1218 4020 1271 4064; x_wconf 80' lang='lat' dir='ltr'>not.</span> 
     </span>
    </p>

    <p class='ocr_par' dir='ltr' id='par_1_8' title="bbox 243 4099 979 4168">
     <span class='ocr_line' id='line_1_34' title="bbox 243 4099 979 4168; baseline -0.007 -14"><span class='ocrx_word' id='word_1_276' title='bbox 243 4103 269 4166; x_wconf 83' lang='lat'>2)</span> <span class='ocrx_word' id='word_1_277' title='bbox 287 4104 394 4154; x_wconf 78' lang='lat' dir='ltr'>Home</span> <span class='ocrx_word' id='word_1_278' title='bbox 408 4101 542 4165; x_wconf 71' lang='lat' dir='ltr'>Pheniaie,</span> <span class='ocrx_word' id='word_1_279' title='bbox 559 4099 687 4165; x_wconf 73' lang='lat' dir='ltr'>obclusa,</span> <span class='ocrx_word' id='word_1_280' title='bbox 706 4104 814 4168; x_wconf 83' lang='lat' dir='ltr'>Assyria</span> <span class='ocrx_word' id='word_1_281' title='bbox 832 4109 864 4154; x_wconf 86' lang='lat' dir='ltr'>ct.</span> <span class='ocrx_word' id='word_1_282' title='bbox 881 4119 906 4166; x_wconf 92' lang='lat' dir='ltr'>p.</span> <span class='ocrx_word' id='word_1_283' title='bbox 919 4100 979 4151; x_wconf 88' lang='grc'><strong>319.</strong></span> 
     </span>
    </p>

    <p class='ocr_par' dir='ltr' id='par_1_9' title="bbox 192 4179 1296 4337">
     <span class='ocr_line' id='line_1_35' title="bbox 246 4179 1296 4251; baseline -0.01 -12"><span class='ocrx_word' id='word_1_284' title='bbox 246 4187 274 4251; x_wconf 89' lang='grc'>3)</span> <span class='ocrx_word' id='word_1_285' title='bbox 291 4188 324 4238; x_wconf 90' lang='lat' dir='ltr'>In</span> <span class='ocrx_word' id='word_1_286' title='bbox 341 4188 466 4238; x_wconf 84' lang='lat' dir='ltr'>eiusmodi</span> <span class='ocrx_word' id='word_1_287' title='bbox 483 4188 559 4238; x_wconf 87' lang='lat' dir='ltr'>rebus</span> <span class='ocrx_word' id='word_1_288' title='bbox 576 4201 652 4250; x_wconf 87' lang='lat' dir='ltr'>quam</span> <span class='ocrx_word' id='word_1_289' title='bbox 664 4194 743 4242; x_wconf 73' lang='lat' dir='ltr'>,caute</span> <span class='ocrx_word' id='word_1_290' title='bbox 764 4195 877 4236; x_wconf 86' lang='lat' dir='ltr'>veterum</span> <span class='ocrx_word' id='word_1_291' title='bbox 895 4185 1044 4250; x_wconf 89' lang='lat' dir='ltr'>scriptorum</span> <span class='ocrx_word' id='word_1_292' title='bbox 1061 4181 1207 4231; x_wconf 86' lang='lat' dir='ltr'>testimonla</span> <span class='ocrx_word' id='word_1_293' title='bbox 1224 4179 1296 4229; x_wconf 89' lang='lat' dir='ltr'>audi-</span> 
     </span>
     <span class='ocr_line' id='line_1_36' title="bbox 192 4263 1296 4337; baseline -0.008 -15"><span class='ocrx_word' id='word_1_294' title='bbox 192 4273 260 4323; x_wconf 89' lang='lat' dir='ltr'>enda</span> <span class='ocrx_word' id='word_1_295' title='bbox 276 4275 340 4337; x_wconf 87' lang='lat' dir='ltr'>sint,</span> <span class='ocrx_word' id='word_1_296' title='bbox 358 4274 450 4325; x_wconf 83' lang='lat' dir='ltr'>docent</span> <span class='ocrx_word' id='word_1_297' title='bbox 461 4273 593 4324; x_wconf 81' lang='lat' dir='ltr'>Hsnouorr</span> <span class='ocrx_word' id='word_1_298' title='bbox 611 4286 710 4322; x_wconf 83' lang='lat' dir='ltr'>errores</span> <span class='ocrx_word' id='word_1_299' title='bbox 727 4271 759 4321; x_wconf 90' lang='lat' dir='ltr'>dc</span> <span class='ocrx_word' id='word_1_300' title='bbox 778 4277 832 4320; x_wconf 86' lang='lat' dir='ltr'>arte</span> <span class='ocrx_word' id='word_1_301' title='bbox 849 4270 945 4333; x_wconf 82' lang='lat' dir='ltr'>crispos</span> <span class='ocrx_word' id='word_1_302' title='bbox 963 4281 1039 4332; x_wconf 87' lang='lat' dir='ltr'>cupro</span> <span class='ocrx_word' id='word_1_303' title='bbox 1057 4264 1187 4327; x_wconf 84' lang='lat' dir='ltr'>variandi,</span> <span class='ocrx_word' id='word_1_304' title='bbox 1205 4263 1237 4313; x_wconf 91' lang='lat' dir='ltr'>de</span> <span class='ocrx_word' id='word_1_305' title='bbox 1255 4278 1296 4314; x_wconf 89' lang='lat' dir='ltr'>ca·</span> 
     </span>
    </p>
   </div>
   <div class='ocr_carea' id='block_1_6' title="bbox 192 4351 1097 4484">
    <p class='ocr_par' dir='ltr' id='par_1_10' title="bbox 192 4351 1097 4484">
     <span class='ocr_line' id='line_1_37' title="bbox 192 4351 1097 4484; baseline -0.011 -77"><span class='ocrx_word' id='word_1_306' title='bbox 192 4360 296 4422; x_wconf 83' lang='lat' dir='ltr'>rapultis</span> <span class='ocrx_word' id='word_1_307' title='bbox 313 4367 344 4411; x_wconf 86' lang='lat' dir='ltr'>ct.</span> <span class='ocrx_word' id='word_1_308' title='bbox 363 4359 407 4411; x_wconf 84' lang='lat' dir='ltr'>cfr.</span> <span class='ocrx_word' id='word_1_309' title='bbox 426 4357 512 4411; x_wconf 83' lang='lat' dir='ltr'>Gom</span> <span class='ocrx_word' id='word_1_310' title='bbox 530 4356 640 4423; x_wconf 81' lang='lat' dir='ltr'>Assyria</span> <span class='ocrx_word' id='word_1_311' title='bbox 656 4372 681 4421; x_wconf 89' lang='lat' dir='ltr'>p.</span> <span class='ocrx_word' id='word_1_312' title='bbox 693 4355 751 4407; x_wconf 80' lang='lat'>295.</span> <span class='ocrx_word' id='word_1_313' title='bbox 764 4355 822 4406; x_wconf 79' lang='lat'>302.</span> <span class='ocrx_word' id='word_1_314' title='bbox 835 4353 892 4404; x_wconf 87' lang='grc'><strong>303.</strong></span> <span class='ocrx_word' id='word_1_315' title='bbox 906 4351 964 4402; x_wconf 82' lang='grc'><strong>305.</strong></span> <span class='ocrx_word' id='word_1_316' title='bbox 1057 4435 1097 4484; x_wconf 49' lang='grc'>5.</span> 
     </span>
    </p>
   </div>
   <div class='ocr_carea' id='block_1_7' title="bbox 0 0 1568 5000">
    <p class='ocr_par' dir='ltr' id='par_1_11' title="bbox 0 0 1568 5000">
     <span class='ocr_line' id='line_1_38' title="bbox 0 0 1568 5000; baseline 0 0"><span class='ocrx_word' id='word_1_317' title='bbox 0 0 1568 5000; x_wconf 95' lang='lat' dir='ltr'> </span> 
     </span>
    </p>
   </div>
  </div>
 </body>
</html>
