3122 5002
282 288 351 360 106
674 291 749 354 Otr.
760 294 823 366 Ill,
842 311 869 352 v.
883 296 977 352 8-13.

277 485 385 556 guntur
393 477 410 534 ¹.
432 475 660 536 Necessitudine
681 483 780 534 nutem
802 473 1045 554 eumunegyptiis
1066 474 1186 549 intima,
1210 495 1264 552 per
1286 475 1383 534 multe

278 578 416 654 deinoeps
445 577 545 637 seeula
571 577 810 648 continebantur3
840 585 870 636 et
886 575 1083 661 Aethiopioos
1100 576 1263 652 aliquando
1291 594 1379 652 reges

277 678 495 755 Aegyptiarum
524 696 622 734 rerum
651 676 763 752 potitos
784 675 893 749 fuisse,
922 673 1106 737 Sabatenem
1134 685 1164 734 et
1186 676 1380 748 Tirrheksm,

277 787 380 836 notum
403 785 463 849 est;
495 777 577 853 qnod
605 795 671 836 oum
697 795 801 837 versus
824 766 869 834 SV
892 777 984 836 seculi
1006 777 1095 834 finem
1112 776 1275 849 evenisset,
1298 777 1382 852 opud

276 877 404 936 Iesaiam
425 876 613 952 potissimum
635 884 759 954 uterque
782 876 911 952 populus
941 895 1001 934 uno
1026 875 1143 952 imperii
1166 876 1285 936 vinoulo
1310 895 1380 934 oon·
1463 922 1466 927 .

276 977 368 1036 iuneti
391 976 595 1052 appellantur,
621 977 673 1036 ofr.
696 977 776 1048 XX,
793 982 820 1034 4.
843 975 963 1048 XLIII,
980 978 1005 1032 3.
1029 975 1126 1048 XLV,
1151 982 1193 1036 14.
1216 1009 1253 1020 -
1287 989 1382 1038 now

277 1079 383 1151 robur,
401 1076 599 1153 praesidium,
623 1077 677 1136 ofr.
694 1076 752 1136 les.
769 1076 843 1148 XL,
860 1079 903 1134 27.
927 1074 1063 1148 XLVII,
1081 1081 1115 1149 9,
1143 1095 1167 1136 s.
1189 1090 1258 1140 nnn
1286 1075 1378 1138 Dent.

277 1178 367 1250 VIH,
387 1181 434 1249 173
452 1177 517 1237 Iob.
534 1176 646 1250 XXX,
664 1181 712 1248 213
731 1187 858 1237 ceterum
889 1191 910 1234 rr
939 1195 999 1234 non
1016 1184 1063 1238 est
1079 1176 1235 1250 suffixum
1254 1175 1380 1254 quodsi

276 1297 357 1352 esse,
395 1284 531 1336 ornatum
564 1295 629 1336 esse
661 1295 685 1336 s.
710 1276 835 1353 Mappilr
872 1276 999 1334 deberet.
1030 1309 1067 1320 -
1106 1276 1240 1351 nmw,
1277 1279 1379 1352 Aegy·

276 1387 361 1456 ptus,
390 1378 465 1436 ulter
490 1375 595 1436 chami
616 1377 695 1436 filius
719 1375 796 1436 Gen.
819 1376 866 1449 X,
889 1381 915 1434 6.
941 1375 1060 1435 Nomen
1091 1385 1152 1437 tem
1179 1378 1301 1436 notione
1325 1395 1381 1436 sua

278 1499 368 1556 quam
385 1478 483 1536 forma
499 1476 632 1554 Aegypti
654 1477 783 1536 indolem
808 1476 924 1554 egregie
948 1476 1097 1552 exprimit.
1124 1477 1279 1555 Significat
1301 1476 1381 1536 enim

277 1579 423 1656 duplioem
445 1577 629 1654 angustiam,
657 1577 676 1636 i.
693 1598 718 1636 e.
749 1578 824 1636 duas
852 1577 957 1654 plegae
981 1577 1066 1651 illas,
1100 1579 1211 1640 deserti
1240 1577 1380 1636 Africani

278 1679 428 1740 montibus
446 1687 476 1737 et
491 1680 583 1738 rubro
600 1678 676 1738 mari
692 1678 837 1750 inclusas,
855 1676 928 1736 Nilo
945 1677 1150 1755 segregatas⁸;
1169 1679 1266 1739 dualis
1279 1687 1380 1738 autern

277 1781 374 1839 forma
390 1789 547 1856 utrumque
562 1779 701 1855 indigitat
723 1797 860 1856 regnum,
885 1777 1021 1852 superins
1042 1786 1133 1856 atque
1153 1779 1292 1853 inferius,
1317 1788 1380 1838 tam

278 1881 336 1941 soli
352 1871 486 1953 natura,
499 1899 590 1956 quam
612 1879 764 1956 religionis
790 1878 958 1954 artiumque
973 1877 1089 1938 ratione
1105 1888 1135 1938 et
1152 1879 1297 1940 sermonis
1314 1880 1380 1940 die·

277 1981 353 2040 leuto
372 1981 446 2040 sotis
463 1980 582 2038 diverse
597 1979 665 2051 illa3
683 1999 743 2057 quo
760 1979 944 2038 referendum
961 1985 1021 2050 eet,
1039 1980 1120 2055 quod
1136 1979 1159 2038 ii
1176 1981 1265 2040 etiam
1282 1976 1378 2057 reges,

278 2081 385 2159 quibus
402 2088 529 2156 utraque
545 2079 626 2155 regio
645 2079 777 2138 subiecta
793 2086 872 2150 erat,
895 2097 955 2136 non
973 2097 1087 2156 „reges
1106 2079 1236 2140 Ohemi“
1263 2081 1378 2156 seipsi

276 2181 484 2257 appellebant,
514 2179 567 2238 sed
592 2197 703 2255 „reges
732 2187 828 2238 terrae
857 2177 1019 2255 superioris
1050 2188 1080 2240 et
1107 2181 1301 2254 inferioris,“
1329 2181 1379 2240 vel

276 2299 383 2359 „reges
400 2280 553 2357 utriusque
570 2278 715 2338 temae⁴.“
733 2313 770 2322 -
785 2278 917 2338 Additur
933 2285 1048 2353 autem,
1073 2289 1108 2341 ut
1123 2282 1227 2359 ingens
1245 2281 1379 2359 Aegypti

275 2382 415 2459 propriae
436 2389 466 2440 et
490 2380 663 2457 magnitudo
688 2388 718 2439 et
740 2379 873 2457 potentia
897 2386 1031 2453 notetur,
1063 2396 1130 2458 usp
1155 2395 1230 2458 petr,
1257 2381 1376 2458 dequo

276 2483 330 2542 olr.
347 2483 394 2554 Il,
413 2486 455 2540 10.
478 2481 540 2553 III,
558 2485 584 2540 3.

325 2583 390 2642 Iam
408 2600 478 2642 vero
496 2582 636 2658 quoniam
653 2582 691 2640 nd
709 2581 939 2658 septentrionem
956 2581 1090 2657 pervenit
1109 2593 1206 2658 vetes,
1225 2583 1376 2644 sinistror-

276 2703 342 2745 sum
355 2683 491 2756 deflectit,
504 2693 533 2740 et
540 2682 680 2758 quoniam
691 2702 742 2742 eas
754 2682 995 2742 commemoravit
1006 2690 1118 2758 gentes,
1137 2703 1214 2761 quae
1226 2685 1265 2744 ed
1277 2685 1375 2760 ipsum

275 2794 365 2862 atque
381 2784 539 2859 genuinum
556 2784 702 2858 pertinent
718 2801 840 2859 regnum
857 2781 1005 2860 (nonu),
1023 2782 1082 2840 iam
1100 2784 1202 2844 adiicit
1215 2771 1280 2858 ees,
1298 2805 1376 2862 quae

226 2925 230 2935 .
274 2885 351 2943 inter
368 2882 465 2942 socios
483 2890 513 2940 et
534 2883 710 2942 auxiliarios
732 2882 931 2942 numerandae
953 2891 1053 2955 erent,
1077 2898 1206 2962 witini:
1234 2903 1298 2957 run
1322 2885 1375 2944 cfr.

274 2984 326 3044 Pe.
342 2981 475 3054 XXXV,
494 2986 510 3038 2
527 2997 635 3044 ἐπ-πω
656 2996 741 3056 torp,
760 2990 790 3040 et
804 2983 911 3042 Erech.
929 2983 1134 3055 XXVII,10:
1153 3000 1226 3052 uror
1238 2982 1303 3052 ribi
1316 3001 1376 3046 nro

274 3077 366 3156 glun:
388 3097 454 3156 urm
487 3100 563 3159 quos
587 3083 653 3142 suff.
676 3071 739 3140 2³⁸⁰
763 3101 841 3159 pers.
867 3084 1005 3156 offendit,
1035 3083 1057 3142 ii
1085 3083 1217 3144 vividum
1247 3086 1375 3162 primum

274 3193 365 3262 atque
387 3183 485 3242 alacre
508 3183 639 3242 Nahumi
659 3184 852 3262 neglexerunt
872 3184 1037 3260 ingenium,
1068 3183 1115 3242 oui
1138 3186 1292 3262 proprium
1319 3196 1374 3260 est,

274 3305 375 3345 eoram
390 3285 536 3344 interdurn
553 3285 720 3360 appellare,
742 3273 781 3343 ¹de
798 3285 905 3359 quibus
922 3285 994 3343 facit
1006 3284 1113 3356 verba,
1132 3285 1184 3344 afr.
1203 3306 1231 3344 v.
1246 3291 1293 3360 15,
1312 3296 1375 3348 turn

274 3405 345 3446 vero
362 3386 393 3444 in
410 3404 445 3443 eo
464 3395 652 3458 erraverunt,
675 3385 757 3462 qnod
786 3402 808 3446 η
840 3385 871 3444 in
888 3405 916 3444 v.
945 3398 1039 3446 now
1066 3404 1121 3460 pro
1138 3386 1250 3446 suffixo
1266 3387 1375 3448 habue-

273 3494 350 3545 runt
372 3485 547 3544 Afferuntur
568 3494 667 3544 eutem
689 3485 747 3544 dno
771 3485 892 3545 nomina
921 3501 995 3558 ura,
1026 3485 1129 3546 tertius
1157 3484 1262 3546 Chami
1286 3489 1375 3562 filius,

273 3595 304 3645 et
319 3579 422 3662 nuit,
444 3585 559 3663 Libya,
586 3605 674 3644 unam
698 3585 815 3662 quidem
839 3592 956 3662 gentem
974 3586 1198 3662 complectentia
1214 3586 1310 3663 (quod
1328 3589 1376 3648 vel

273 3687 342 3745 inde
358 3693 457 3762 patet,
482 3686 563 3762 quod
576 3685 664 3744 LXX
682 3686 737 3743 Ier.
750 3685 867 3757 XLVI,
882 3690 913 3758 93
931 3686 983 3744 En.
1003 3685 1142 3760 XXVII,
1162 3692 1202 3746 10.
1221 3687 1331 3761 XXX,
1349 3693 1375 3748 5.

272 3859 472 3872 ——n—

326 3978 351 4041 1)
370 3978 422 4028 on.
440 3978 535 4028 ibidem
554 3993 577 4042 p.
591 3981 649 4028 277.

323 4065 349 4126 2)
367 4063 445 4127 Apud
461 4062 619 4126 Babylonios
636 4077 729 4112 nomen
746 4064 818 4114 rudit
834 4064 916 4134 Misit,
940 4067 1007 4131 apud
1025 4068 1148 4132 Assyrios
1165 4066 1258 4132 Musur
1279 4081 1299 4116 s.
1318 4067 1376 4116 Mu·

274 4147 341 4208 suri,
359 4146 403 4195 etr.
413 4146 564 4198 Rtwnorson
574 4147 699 4212 Anelysis
716 4149 745 4198 of
761 4149 804 4200 the
816 4149 977 4214 Babylonien
995 4159 1049 4202 text
1060 4159 1087 4203 at
1097 4151 1221 4203 Behistun
1239 4168 1262 4216 p.
1274 4153 1375 4202 XVHI.

326 4228 351 4289 3)
368 4229 420 4280 Gir.
439 4231 597 4282 Dnurrsonn
615 4233 724 4286 Genesis
740 4250 765 4298 p.
778 4238 836 4286 218.

322 4312 349 4375 4)
364 4313 409 4364 Cir
443 4317 548 4367 bursius
567 4317 696 4369 sibenden
715 4327 799 4372 ersten
816 4321 902 4385 igypt.
921 4318 1082 4372 (idtterkreis
1101 4335 1125 4384 p.
1141 4321 1173 4372 16
1191 4335 1224 4370 ss.
