3126 5000
614 292 688 353 Otr.
701 293 732 366 l,
750 313 779 352 v.
795 297 835 352 11.
1229 286 1277 360 35

177 477 208 536 in
232 476 327 537 altero
350 477 481 536 membro
511 495 539 535 v.
563 479 595 535 12
623 475 662 537 ad
684 475 825 538 Israelem
853 475 918 536 sine
944 477 1035 537 dubio
1058 478 1164 538 attinet
1185 495 1278 554 'ratri

176 578 265 652 'rara
288 570 343 650 ab,
369 577 537 655 etreliqua
561 577 628 637 suff.
648 578 716 636 fem.
733 597 763 636 v.
780 581 828 649 133
852 578 903 637 sed
926 598 954 637 v.
971 583 1009 638 14·
1026 597 1065 638 ex
1088 578 1189 638 vivido
1213 597 1280 638 ora·

177 677 267 737 tionis
285 695 392 754 genere
409 678 465 736 sub
481 678 577 736 altera
593 697 722 755 persons
739 677 889 754 cogitandi
911 679 1012 739 hostes
1030 687 1131 752 erunt,
1154 679 1281 757 ideoque

176 778 393 838 adnotandam
410 777 503 837 vicem
521 777 618 854 primo
634 778 703 838 loco
720 777 860 838 scribitur
878 771 971 855 :phu
991 795 1082 852 :urm
1099 780 1179 840 haud
1197 798 1281 841 secus

176 879 207 937 in
230 887 333 938 nostro
356 897 443 938 versu
465 895 545 956 qna,
574 879 606 937 in
628 879 730 938 limine
753 878 914 955 seriptum,
944 877 1116 955 oppositum
1139 899 1206 942 esse
1228 900 1281 957 ap-

177 986 264 1056 paret
284 979 535 1040 antecedentibus.
577 979 717 1052 Accedit,
742 979 823 1057 quod
847 999 873 1039 c.
886 979 932 1051 11,
953 983 966 1036 l
990 979 1065 1040 luda
1087 980 1189 1040 statim
1214 999 1281 1041 eum

178 1079 245 1140 ruff.
263 1080 331 1139 iem.
349 1085 375 1138 2.
389 1098 466 1157 pers.
490 1099 594 1140 rursus
617 1081 802 1158 appellatum
828 1099 883 1139 nec
904 1079 1069 1140 omittenda
1095 1090 1141 1142 est
1162 1081 1282 1158 placida

178 1189 207 1239 et
235 1181 396 1258 tranquilla
426 1181 558 1258 rhythmi
589 1180 684 1255 ratio,
719 1181 855 1258 rapidam
885 1179 1145 1260 vehementemque
1176 1201 1282 1243 versus

178 1281 376 1341 antecedentis
399 1300 551 1340 numerum
575 1290 691 1355 secutc3
717 1301 778 1360 qua
797 1282 959 1341 secundum
977 1301 1006 1340 v.
1018 1283 1054 1340 52¹
1076 1281 1106 1342 et
1122 1285 1157 1341 ΒΗ
1178 1281 1281 1343 simili·

177 1382 309 1441 tudinem
326 1383 429 1442 ecdem
453 1383 663 1444 sententiarum
687 1382 908 1441 commendatur
924 1381 1108 1442 vicissitudo.
1151 1397 1209 1444 arr
1232 1401 1282 1443 ec·

177 1483 244 1542 dem
271 1501 361 1544 senso
383 1483 420 1542 de
440 1483 596 1556 hostibus,
626 1492 736 1542 terram
758 1502 794 1542 eo
822 1501 917 1561 usque
939 1483 1190 1559 opprimentibus,
1220 1485 1282 1544 iam

176 1603 247 1643 vero
269 1583 473 1643 recedentibus
498 1583 606 1660 legitur
628 1584 686 1643 les.
699 1583 819 1656 XLIX,
840 1588 871 1641 17
894 1583 960 1660 (cfr.
980 1581 1098 1643 Gnssrr.
1121 1603 1226 1647 comm.
1251 1603 1281 1644 a.

176 1685 205 1744 h.
223 1683 244 1743 l.
263 1693 368 1743 contra
384 1683 564 1742 Vrrsrrcrm
581 1683 812 1760 disputantem),
830 1683 883 1742 cir.
901 1683 958 1745 Ier.
973 1683 1094 1758 XLIII,
1113 1690 1160 1758 123
1178 1685 1220 1758 X,
1237 1689 1281 1746 20.

176 1784 352 1858 Praeteriti,
383 1784 460 1843 sicut
480 1779 540 1845 bna
562 1804 591 1842 r.
612 1788 659 1858 10,
682 1784 857 1862 prophetice
878 1791 924 1843 est
952 1784 1045 1857 ratio,
1077 1804 1170 1862 quare
1192 1785 1283 1844 Lxx

178 1873 396 1956 ἐξελεύσεται.
441 1886 542 1962 Atque
571 1885 650 1944 hunc
673 1884 792 1962 quidem
817 1883 1013 1962 Assyriorum
1041 1895 1194 1962 receptum
1221 1891 1282 1944 non

177 1984 395 2058 dubitaremus,
413 1985 486 2062 quin
502 1984 625 2062 proprio
644 2004 732 2045 sensu
745 1985 855 2044 dietum
867 2003 932 2045 esse
944 1985 1155 2060 statueremus,
1174 1985 1280 2062 sipro·

177 2084 243 2144 bari
272 2085 368 2163 magis
390 2094 493 2163 posset
518 2083 649 2146 srrnm
679 2085 796 2163 opinio,
825 2103 862 2145 ex
887 2105 947 2163 qua
969 2087 1119 2148 Manassis
1148 2085 1282 2164 tempore

177 2185 297 2264 Assyrii
318 2186 351 2245 in
375 2187 500 2247 urbibus
516 2187 748 2248 Philistaecrnm
770 2187 913 2248 sudores
937 2185 1111 2248 habuissent
1126 2187 1280 2261 militares,

177 2306 255 2365 quae
287 2287 319 2345 in
352 2287 493 2347 Iudaeam
527 2307 646 2366 quoqne
685 2289 743 2346 huc
775 2287 846 2346 illuc
880 2296 1006 2364 vagatae
1039 2288 1199 2348 Manassen
1234 2306 1281 2346 ce·

178 2386 292 2463 pissent
310 2387 384 2464 (quo
408 2387 512 2446 referri
537 2388 626 2446 etiam
648 2396 766 2463 posset,
790 2387 871 2464 quod
893 2405 949 2445 rex
965 2386 1122 2465 Babylone
1143 2405 1281 2448 reversus

134 2479 135 2484 ¹
177 2485 300 2546 castella
324 2505 379 2546 sua
396 2487 574 2547 communire
589 2487 706 2565 valuit).
732 2486 844 2546 Verum
861 2487 1002 2565 quoniam
1014 2488 1092 2547 hane
1104 2488 1280 2548 sententiam

176 2588 403 2666 improbandam
421 2587 548 2648 vidimus
564 2588 596 2645 in
611 2587 718 2663 proli,
741 2586 784 2645 ita
807 2587 885 2646 hanc
909 2595 1058 2664 receptum
1074 2588 1280 2664 interpretabi-

178 2707 259 2762 mur,
283 2697 318 2747 ut
333 2688 475 2762 Iudaeos,
494 2689 533 2748 ab
549 2687 663 2748 Achasi
681 2696 814 2765 tempore
830 2686 938 2746 ditioni
961 2707 1063 2747 eorum
1087 2697 1116 2748 et
1137 2687 1281 2766 potestati

178 2788 273 2867 magis
291 2788 426 2850 minusve
443 2789 608 2862 obnoxios,
632 2788 692 2848 iarn
709 2807 834 2866 prorsus
858 2789 896 2847 ab
914 2788 953 2848 ils
968 2788 1113 2849 vindicari
1131 2789 1281 2849 existime-

177 2908 259 2964 mus,
282 2909 336 2950 nec
358 2889 419 2950 iam
443 2890 622 2951 exercitibus
647 2909 749 2949 eorum
771 2889 890 2962 vexari;
918 2889 970 2950 cfr.
994 2890 1039 2964 11,
1067 2895 1091 2952 l.
1119 2895 1159 2949 14.
1204 2889 1282 2948 Illud

178 2999 276 3052 tamen
295 3009 333 3050 ex
349 2991 396 3051 his
414 2991 513 3052 verbirs
530 3001 611 3052 certo
634 2990 840 3070 consequitur,
868 3009 934 3049 eum
956 2991 1098 3052 scriberet
1114 2989 1282 3064 Nubamus,

179 3111 240 3150 non
264 3091 360 3152 solnm
385 3091 546 3150 timendum
567 3091 656 3150 etiam
679 3091 798 3150 ludaeis
822 3090 915 3152 fnisse
938 3091 975 3149 ab
998 3091 1153 3170 Assyriis,
1180 3111 1284 3150 verum

179 3191 270 3252 etiam
287 3211 322 3250 ea
339 3209 405 3249 cum
422 3191 461 3251 iis
478 3199 633 3251 contentos
650 3189 882 3262 necessitudine,
908 3209 985 3268 quae
1009 3190 1151 3250 ditiomm
1175 3200 1205 3249 et
1222 3209 1283 3250 ser-

179 3291 302 3351 vitutem
320 3291 539 3368 quodammodo
557 3290 766 3368 aequipararet
781 3323 819 3333 -—
835 3289 867 3348 id
885 3290 965 3368 quod
981 3290 1013 3348 in
1031 3290 1110 3370 regis
1126 3289 1284 3368 captivita-

179 3401 239 3451 tem
257 3391 373 3470 egregie
390 3392 527 3470 quadrat.

229 3493 378 3572 Egressus
402 3501 450 3552 est
471 3500 569 3552 autem
586 3511 604 3551 e
622 3490 734 3549 Iudaea
755 3493 794 3559 is,
819 3493 868 3566 qui
892 3491 1025 3565 copitavit
1044 3507 1168 3564 procum
1184 3501 1284 3549 coam

180 3594 344 3652 Dominum.
394 3593 443 3652 De
466 3614 515 3654 vv.
531 3609 600 3654 :tun
623 3599 653 3650 et
674 3586 716 3655 br
737 3590 790 3649 cir.
816 3591 855 3649 ad
878 3593 956 3650 vus
985 3595 1015 3646 ct
1044 3593 1070 3648 9.
1117 3605 1181 3653 tum
1215 3609 1284 3668 pro·

181 3690 292 3752 misene
315 3693 446 3770 positum
469 3713 535 3754 curn
552 3709 609 3767 rm,
634 3711 776 3770 pravum,
799 3691 910 3750 malum
933 3697 1035 3763 notat3
1058 3689 1110 3749 cir.
1129 3691 1225 3751 simile
1242 3691 1286 3750 di-

181 3791 265 3852 cendi
291 3811 383 3870 genus
407 3809 481 3856 aava
502 3807 585 3854 marn
608 3793 660 3854 Ps.
673 3789 807 3866 XXXV,
825 3797 851 3851 4.
890 3791 993 3851 Verba
1013 3790 1120 3850 haecce
1142 3791 1181 3854 ad
1203 3792 1286 3853 Rab-

183 3891 267 3954 saltis
284 3892 444 3954 insolentes
462 3901 492 3952 et
507 3902 624 3953 atroces
641 3893 817 3953 metatimms
834 3892 954 3970 plurimi
971 3891 1117 3966 referunt3
1142 3901 1173 3952 at
1189 3894 1286 3969 primo

182 3995 250 4055 loco
273 3995 346 4054 haee
369 4013 430 4053 vox
453 4002 538 4072 patet
557 3993 664 4067 latius,
689 3993 794 4054 deinde
816 3992 880 4070 agit
904 4001 987 4053 vates
1002 3991 1051 4062 ,de
1073 3992 1185 4052 iudicio
1205 3992 1288 4052 finali

183 4115 354 4174 supeream
372 4101 504 4172 gentem,
528 4113 605 4172 quae
626 4094 739 4154 tamdiu
755 4093 897 4154 Israelem
920 4092 1007 4172 quasi
1023 4093 1190 4152 calcaverat
1205 4093 1288 4171 pedi·

181 4197 253 4270 bus3
272 4216 389 4256 omnem
403 4213 473 4274 ergo
487 4193 681 4272 Assyriorum
694 4193 897 4267 inimicitiam,
914 4192 1027 4271 populo
1045 4191 1093 4252 dei
1104 4201 1196 4274 atque
1211 4193 1287 4254 adeo

1040 4299 1079 4350 30
