3124 4988
270 301 295 344 x
629 285 872 344 Pacuucouuaa.
897 283 969 344 (iar.
987 285 1011 342 Ι.

269 467 436 538 dicebatur,
461 466 582 542 regione
604 467 689 527 sedes
715 487 815 526 eorum
839 467 1015 528 distributas
1039 466 1149 539 fuisse,-
1179 471 1374 546 comprobare

269 577 394 626 conatus
411 575 472 639 est,
496 575 585 644 atque
609 567 685 625 adeo
710 567 771 626 veri
793 568 882 629 etiam
907 569 1032 628 similius
1056 568 1165 640 videri,
1193 579 1225 628 ut
1242 571 1373 632 Nabumi

268 667 367 744 patria
384 667 473 727 luerit
488 668 625 728 Alkosoh
642 668 715 726 illud
733 669 812 743 apud
829 669 982 746 Tigridem
999 669 1098 728 situm.
1125 670 1170 727 At
1186 689 1258 728 vero
1276 673 1373 732 omnis

268 769 342 832 haec
361 769 398 826 dc
415 768 521 829 exsilio
539 769 638 826 decem
656 769 785 826 tribuum
803 770 940 845 quaestio
957 769 989 828 in
1009 777 1071 828 tam
1088 769 1203 828 lubrico
1221 780 1313 849 atque
1327 773 1372 830 in·

270 868 370 927 stabili
388 877 522 926 versatur
538 869 622 940 loco,
648 868 700 928 vix
724 877 757 927 ut
774 869 936 947 quidquam
960 870 1029 929 iude
1046 869 1180 928 concludi
1198 881 1290 948 atque
1306 873 1372 930 elici

268 988 359 1045 posse
375 968 519 1028 videntur.

318 1071 349 1146 4)
371 1068 450 1126 Tum
472 1088 543 1128 vero
566 1088 651 1128 nemo
674 1089 801 1146 usquam
824 1069 951 1127 traditur
972 1071 1119 1146 propheta
1141 1071 1172 1129 in
1195 1071 1296 1130 decem
1319 1071 1371 1130 tri-

268 1171 359 1228 buum
377 1169 483 1230 exsilio
500 1168 593 1228 fuisse
610 1179 759 1242 versatus3
785 1169 916 1228 Nahumi
933 1169 1024 1246 igitur
1041 1170 1157 1230 unicum
1175 1179 1205 1229 et
1221 1171 1371 1248 singulare

269 1266 350 1330 esset'
363 1270 531 1345 exemplam
556 1270 638 1346 quod
659 1270 799 1348 quoniam
817 1270 956 1330 universo
972 1272 1192 1347 reprobationis
1208 1272 1316 1344 statui,
1336 1273 1370 1330 in

271 1389 331 1446 quo
345 1370 500 1430 Israelitae
511 1371 633 1428 fuerunt
645 1371 807 1443 constituti,
819 1370 871 1428 vix
889 1371 986 1446 possit
1003 1372 1157 1448 adaptari,
1176 1371 1202 1432 si
1219 1372 1368 1430 nihilomi-

269 1490 325 1530 nus
342 1479 420 1530 esset
441 1471 656 1546 accipiendum,
683 1480 730 1530 sat
754 1470 860 1530 validis
885 1480 975 1548 atque
998 1473 1167 1532 efficacibus
1190 1473 1370 1548 argumentis

269 1571 525 1630 commendaretur
542 1579 668 1646 oportet.
689 1573 733 1631 At
751 1571 777 1630 si
798 1571 929 1630 Nahumi
951 1573 1166 1647 perlustramur
1189 1573 1370 1646 vaticinium,

269 1671 372 1732 mirari
395 1671 496 1730 statim
522 1672 616 1745 subit,
643 1673 724 1749 quod
749 1672 831 1730 nullo
857 1673 989 1748 'tangitur
1012 1674 1120 1747 verbo,
1144 1673 1201 1749 ipsi
1225 1673 1288 1731 vati
1309 1692 1369 1731 non

268 1772 381 1844 minus,
409 1791 499 1849 quam
523 1773 659 1832 omnibus
680 1773 750 1846 illis,
769 1772 821 1848 qui
837 1773 869 1830 in
885 1773 938 1832 illa
953 1772 1029 1831 Nini
1053 1774 1203 1833 vicinitate
1226 1773 1369 1846 viverent,

267 1892 413 1932 summum
437 1874 548 1931 instare
571 1873 733 1947 periculum
757 1873 795 1930 ab
818 1873 971 1945 hostibus,
1000 1873 1052 1948 qui
1075 1894 1093 1931 a
1118 1873 1319 1949 septentrione
1342 1882 1372 1931 et

269 1973 382 2032 crisme
400 1972 540 2032 accedere
556 1973 710 2032 debebant.
734 1973 786 2030 cfr.
805 1991 896 2048 supra
913 1973 952 2030 ad
968 1973 1042 2044 I,.4.

320 2074 351 2149 5)
375 2070 431 2129 Oui
448 2081 621 2148 argumento
639 2091 698 2130 non
717 2073 841 2130 multum
864 2072 1073 2144 tribueremus,
1098 2070 1123 2130 si
1146 2071 1220 2146 ipsis
1238 2071 1369 2130 Nabumi

269 2172 367 2232 verbis
393 2171 480 2230 aliter
503 2173 681 2230 doceremur.
717 2171 905 2231 Conteudunt
929 2173 1006 2231 enirn
1028 2173 1115 2231 huius
1138 2173 1299 2232 sententiae
1316 2192 1370 2249 pa-

269 2273 363 2346 troni,
389 2272 526 2332 subtilem
542 2273 675 2331 locorum
692 2272 889 2350 cognitionem
906 2293 927 2332 a
942 2281 1010 2332 vate
1027 2272 1164 2348 probari,
1189 2281 1218 2330 et
1240 2273 1370 2349 singula·

269 2393 331 2432 rem
354 2373 538 2450 reipublicae
556 2373 751 2450 Assyriorum
780 2382 810 2432 ot
831 2393 929 2432 rerum
953 2380 1103 2450 gestarum
1128 2392 1302 2451 morumque
1325 2374 1370 2432 in·

270 2474 449 2550 super'satis
466 2483 634 2534 enarratam
651 2475 797 2550 peritiam.
829 2475 913 2550 Quae
936 2475 1100 2534 cuiusmodi
1122 2474 1196 2547 sint,
1220 2475 1370 2534 examine-

269 2595 344 2636 mus.
382 2574 532 2635 Laudavit
561 2575 701 2635 Tuomns
731 2575 752 2634 1.
765 2575 785 2634 l.
813 2595 843 2652 p.
854 2581 890 2634 167
919 2594 1040 2652 campos
1055 2575 1148 2634 circa
1176 2575 1280 2632 urbem
1308 2575 1369 2634 late

268 2684 405 2752 patentes
423 2683 669 2734 commemoratos
685 2675 731 2748 11,
749 2675 903 2751 1050.ἾοῚ
925 2678 1070 2753 numanam
1090 2693 1149 2751 quo
1166 2683 1265 2733 tamen
1276 2676 1368 2734 verbo

267 2795 329 2834 non
346 2795 467 2852 campos
484 2782 620 2851 apertos,
639 2775 691 2834 sed
707 2776 822 2852 plateas
840 2774 974 2836 suburbii
989 2774 1113 2835 indicari
1129 2775 1321 2851 probavimus
1337 2775 1369 2833 in

269 2886 373 2936 comm.
391 2896 421 2952 p.
436 2881 484 2947 623
503 2875 608 2934 deinde
625 2877 869 2953 „propugnacula
885 2875 947 2948 HI,
966 2881 998 2934 12
1015 2885 1045 2934 et
1060 2885 1157 2934 turres
1168 2875 1214 2948 11,
1233 2881 1270 2932 2“
1288 2875 1369 2934 haud

269 2995 354 3036 secus
376 2977 415 3036 ad
434 2976 710 3052 interpretationem
733 2996 792 3034 non
814 2978 908 3053 probe
929 2977 1095 3036 institutam
1119 2976 1273 3034 referenda
1290 2984 1369 3046 sunt,

269 3077 312 3136 uti
328 3097 357 3134 a.
373 3077 421 3135 hh.
438 3076 470 3135 11.
489 3077 677 3148 ostendetur3
702 3078 902 3136 aedificiorum
919 3077 1044 3139 materia
1059 3077 1121 3148 111,
1142 3081 1175 3134 14
1196 3094 1257 3134 non
1280 3095 1368 3152 pecu·

268 3177 372 3236 liarem
390 3197 454 3238 esse
471 3177 607 3254 Assyriis
625 3177 789 3238 videbimus
795 3199 803 3250 3
827 3187 889 3236 tum
907 3196 978 3235 vero
995 3177 1091 3252 portis
1108 3177 1147 3234 ad
1163 3177 1284 3234 fluvium
1302 3175 1368 3236 sitis
1444 3197 1450 3214 r

265 3278 351 3350 ΠΛ
375 3278 573 3354 potentissimi
596 3279 678 3354 regni
699 3287 789 3355 caput
811 3279 954 3336 munitum
979 3283 1059 3349 esse,
1084 3285 1136 3336 aut
1158 3277 1308 3336 audivisse
1330 3277 1367 3334 ab

268 3378 342 3452 ipsis
361 3379 495 3454 Assyriis
515 3380 613 3454 potuit
630 3379 767 3452 Nahum,
794 3379 846 3456 qui
870 3378 958 3436 toties
975 3377 1177 3436 Palaestinam
1193 3393 1367 3452 peragrave-

268 3487 350 3550 rant,
378 3487 430 3536 aut
447 3479 646 3538 concludendo
671 3480 759 3537 etiam
777 3478 870 3537 valuit
887 3477 1045 3548 coniicere,
1070 3495 1134 3533 cum
1159 3475 1197 3532 ad
1217 3473 1369 3550 Tigridem

268 3579 399 3655 positum
422 3598 488 3639 essa
510 3587 668 3638 constaret
705 3579 802 3636 Porro
830 3577 910 3655 quod
932 3575 1074 3634 Tuomus
1098 3573 1239 3634 delicatos
1262 3575 1369 3633 civium

267 3698 365 3738 mores
390 3679 476 3737 affert
502 3679 697 3755 reprehensos
722 3679 769 3750 II,
789 3683 812 3734 6.
837 3678 901 3750 III,
921 3680 970 3750 13,
1003 3675 1111 3734 nullius
1140 3695 1204 3735 esse
1228 3675 1369 3762 mqmenti

268 3779 423 3852 concedet,
451 3779 502 3856 qui
526 3779 682 3855 diligenter
703 3778 759 3836 hos
781 3777 864 3837 locos
887 3776 1059 3839 excusserit.
1093 3776 1250 3850 Postrqmo
1280 3796 1369 3854 quam

268 3898 364 3936 rerum
383 3881 420 3937 ab
434 3878 570 3955 Assyriis
588 3889 737 3954 gestarum
755 3886 906 3938 asseverat
923 3877 1120 3954 cognitionem
1137 3877 1269 3955 conspici
1287 3877 1311 3948 I,
1327 3881 1368 3949 11,

268 3999 303 4036 ea
327 3979 373 4038 vel
399 3978 601 4037 tenuissimam
625 3978 823 4054 cuiuscunque
845 3979 947 4036 Iudaei
970 3979 1141 4038 memoriam
1159 3979 1211 4037 vix
1232 3984 1370 4052 poterant

268 4079 411 4154 effugere3
435 4097 489 4135 nec
511 4078 608 4137 minus
625 4079 709 4136 futile
727 4087 786 4152 ost,
812 4079 892 4156 quod
904 4099 946 4156 ex
966 4080 1089 4156 perfidia
1112 4078 1208 4156 gentis
1224 4077 1289 4148 111,
1306 4080 1323 4134 4
1341 4083 1370 4134 et

268 4187 463 4236 mercatorum
476 4178 663 4238 multitudine
675 4179 735 4254 ΙΙΙ,
750 4185 781 4238 16
799 4163 984 4258 reipublicae
995 4189 1104 4240 statum
1118 4177 1284 4237 accuratius
1302 4195 1368 4254 per·

268 4261 399 4352 spectum
425 4278 556 4338 coniecit.
580 4316 614 4324 -
644 4284 686 4340 At
707 4284 866 4342 verendum
892 4283 965 4342 mihi
988 4282 1117 4354 videtur,
1142 4299 1179 4336 ne
1204 4300 1219 4336 e
1245 4277 1368 4336 mirifico
