3126 5000
645 321 719 384 (lsr.
733 324 778 397 ss,
797 343 826 382 v.
839 329 866 380 3.
1260 319 1306 388 55

204 504 340 566 Ceterum
365 515 500 583 respecta
522 527 541 565 a
564 514 632 565 vate
655 516 723 566 sunt
744 507 858 566 [maiae
882 505 973 565 verba
994 505 1067 580 LII,
1092 507 1130 564 δι’
1150 506 1306 582 „iubilant

203 626 273 665 uam
291 606 377 666 oculo
394 607 426 665 in
443 607 560 665 oculum
578 607 678 666 vident
694 607 856 665 Dominum
875 616 1069 666 revertentem
1085 608 1122 665 ad
1140 607 1230 679 Zion3
1241 613 1259 642 “
1277 609 1307 667 id

204 707 285 784 quod
302 725 362 765 non
379 706 571 783 negabimus,
595 708 683 766 modo
700 707 826 784 primum
844 706 939 766 nostri
965 707 1071 784 capitis
1090 727 1207 767 versum
1232 708 1307 766 indi-

203 807 270 864 dem
287 807 442 882 repetitum
466 826 531 867 asse
552 808 727 867 recolamus.

253 907 438 983 Pergendum
461 915 559 966 autem
581 909 620 966 ad
637 905 703 966 eam
720 907 923 986 quaestionem
947 915 1008 980 est,
1032 906 1172 984 quidnam
1195 915 1306 966 utrum·

204 1025 262 1084 que
279 1006 338 1066 sibi
354 1025 461 1066 nomen
478 1006 564 1080 velit,
587 1008 677 1067 Iacob
695 1017 725 1067 et
741 1008 850 1080 Israel;
874 1015 1002 1084 possunt
1024 1015 1077 1066 aut
1093 1007 1226 1081 diversa,
1254 1017 1307 1066 aut
1397 1017 1406 1028 '

204 1107 281 1166 idem
299 1107 473 1184 siguificare.
500 1109 528 1185 l)
545 1108 593 1166 De
609 1117 737 1186 utroque
754 1126 845 1185 reguo
863 1108 938 1181 dici,
956 1108 1078 1167 ludaico
1090 1108 1306 1183 etEphraimi·

204 1205 281 1280 tico,
308 1207 483 1284 interpretes
509 1209 598 1285 longe
622 1209 741 1285 plurimi
760 1216 934 1268 statuerunt.
972 1207 1079 1286 Neque
1102 1226 1173 1266 vero
1196 1209 1306 1268 infitias

205 1327 324 1380 samm,
348 1315 474 1385 utroque
494 1309 639 1384 primaevi
656 1310 751 1385 patris
769 1310 903 1381 nomine,
926 1308 995 1367 licet
1011 1309 1048 1367 de
1066 1309 1203 1367 universa
1219 1317 1306 1385 gente

203 1407 325 1484 proprie
347 1407 462 1481 valeat,
492 1427 582 1484 posse
605 1408 728 1468 alteram
751 1410 955 1468 tantummodo
985 1417 1100 1484 partem
1126 1404 1306 1484 nuncupari;

203 1508 294 1585 idque
311 1527 346 1567 eo
363 1510 397 1566 fit
412 1507 544 1581 facilius,
569 1509 649 1586 quod
666 1509 818 1568 Iudaicum
840 1527 961 1586 regnum
983 1507 1101 1588 ingenio
1128 1517 1158 1567 et
1174 1510 1306 1568 moribus

205 1617 234 1667 et
256 1609 355 1686 regiae
381 1608 512 1667 familiae
533 1609 644 1685 pietate
671 1611 710 1668 ad
742 1609 964 1668 universitatem
988 1610 1094 1685 populi
1122 1609 1306 1668 referendam

203 1709 327 1784 propius
344 1708 482 1782 accessit,
493 1728 621 1768 numero
639 1717 738 1768 autem
756 1718 785 1768 et
797 1709 970 1768 extensione
978 1709 1223 1785 Ephraimitioum
1235 1708 1302 1784 (cfr.

205 1809 294 1867 Mioh.
306 1809 337 1881 1,
351 1809 396 1885 5);
414 1809 466 1867 vix
483 1817 581 1868 autern
598 1810 676 1870 ullus
693 1810 859 1868 inveniatur
873 1810 974 1881 loeus,
991 1809 1043 1868 ubi
1053 1809 1144 1868 Iacob
1158 1817 1188 1867 et
1199 1809 1303 1881 Israel,

204 1909 286 1967 nulla
303 1908 363 1967 alia
377 1909 547 1968 ‘declarante
562 1919 649 1984 nota,
668 1911 727 1969 tale
745 1911 817 1988 quid
834 1909 1001 1986 significare
1013 1909 1177 1968 videantur.
1201 1908 1305 1986 Longe

203 2008 281 2068 enim
298 2009 359 2069 alia
374 2010 451 2068 ratio
470 2011 673 2087 exemplorum
691 2023 736 2071 est
752 2011 843 2069 veluti
861 2009 997 2070 Obadiae
1014 2030 1041 2069 v.
1057 2014 1098 2068 ll.
1118 2014 1164 2084 18,
1182 2010 1233 2068 ubi
1250 2010 1305 2067 do·

203 2110 265 2169 mni
281 2111 384 2170 Iacobi
402 2111 564 2188 opponitur
575 2112 695 2188 losephi
712 2112 826 2171 domus.
852 2111 899 2169 Ao
914 2109 984 2169 licet
999 2110 1152 2187 ingeniose
1163 2109 1304 2170 Ununar-

204 2227 273 2270 rrus
289 2220 446 2288 utrumque
468 2230 574 2270 nomen
598 2222 700 2272 nostro
723 2212 791 2271 loco
814 2212 881 2270 ideo
905 2210 1038 2288 positum
1059 2229 1124 2271 esse
1141 2219 1301 2282 asseveret,

205 2330 281 2384 „um
313 2311 367 2369 mit
400 2310 508 2371 diesem
541 2313 713 2388 getheilten,
749 2313 820 2371 aber
849 2312 925 2370 doch
959 2311 1164 2388 ursprduglioh
1198 2311 1302 2369 einen

204 2411 429 2486 Doppelnamcn
448 2411 502 2470 auf
516 2411 563 2469 die
581 2411 1048 2470 wiederherzustellendeEinheit
1064 2410 1116 2469 des
1132 2417 1303 2487 getrennten

204 2510 318 2570 Volkes
336 2511 571 2577 hinzudeuten:“
590 2520 688 2570 tamen
705 2511 903 2570 restituendae
919 2510 1073 2588 utriusque
1084 2511 1168 2588 regui
1180 2510 1302 2570 unitatis

205 2620 234 2670 et
251 2612 355 2672 salutis
373 2612 528 2688 cogitatio,
547 2621 619 2670 nota
635 2612 688 2670 illa
705 2612 823 2689 quidem
841 2621 871 2670 et
887 2611 1044 2686 explorata
1062 2611 1217 2687 prophetis
1234 2605 1301 2685 (clr.

205 2713 329 2772 collecta
344 2712 460 2791 aliquot
476 2712 613 2788 exempla
629 2733 649 2771 a
666 2712 821 2772 Onsrnmo
837 2729 942 2770 oomm.
959 2711 991 2770 in
1008 2711 1157 2771 Obadiam
1178 2731 1209 2787 p.
1229 2712 1301 2788 127),

206 2833 225 2872 a
241 2813 379 2873 Nahumo
396 2813 484 2890 longe
500 2814 600 2886 abest,
625 2813 735 2891 quippe
757 2813 809 2891 qui
831 2831 884 2900 per
907 2831 1023 2870 omnem
1048 2811 1180 2870 libellum
1205 2811 1302 2871 solum

206 2915 345 2990 respiciat
367 2914 487 2987 Iudam,
513 2933 567 2973 neo
589 2914 729 2974 Israelem
753 2933 790 2972 ne
811 2914 1025 2990 praetereundo
1049 2913 1167 2992 quidem
1188 2920 1300 2989 tangat.

205 3015 236 3091 2)
257 3015 456 3074 Praeferenda
476 3015 568 3092 igitur
591 3015 800 3074 nonnullorum
821 3013 1024 3090 interpretatio
1038 3014 1117 3086 erit,
1147 3013 1199 3090 qui
1224 3013 1302 3072 idem

206 3123 309 3172 notare
321 3114 463 3172 Iacobum
476 3124 505 3172 et
517 3114 657 3173 Israelem
671 3124 806 3186 censent,
820 3113 965 3186 Currum,
979 3113 1139 3186 Lernam,
1150 3113 1301 3186 Versum,

206 3214 512 3288 Bunrn,1›rD1EU,
530 3211 895 3286 Gnum1,'Sonmanan1;
911 3213 966 3272 olr.
984 3213 1035 3272 Ps.
1053 3210 1219 3270 LXXVIII
1225 3257 1233 3285 ,
1251 3217 1301 3284 213

205 3333 301 3393 neque
322 3333 393 3372 vero
416 3333 514 3373 merus
535 3313 724 3389 pleonasmus
747 3322 807 3382 est3
832 3313 892 3370 imo
916 3312 1087 3384 discrimen,
1111 3312 1191 3388 quod
1213 3313 1301 3370 inter-

206 3416 298 3490 cedit,
316 3417 390 3474 bene
406 3412 560 3491 perspexit
577 3411 746 3472 Cumanus:
770 3401 879 3471 ἶστεόν
900 3404 952 3483 de',
976 3401 1028 3471 ὅτι
1049 3404 1088 3471 τὸ
1107 3403 1169 3488 μὲν
1184 3399 1303 3488 Ἰακώβ

207 3502 313 3594 ὄνομα
333 3503 399 3575 ὑπὸ
420 3510 486 3574 τῶν
507 3505 661 3596 πατέρων
687 3505 790 3594 dcs‘dq
815 3509 863 3594 aqi
887 3502 1015 3591 Ἰακὼβ,
1043 3504 1081 3572 τὸ
1110 3504 1148 3572 δὲ
1168 3499 1302 3593 Ἰσραὴλ

207 3602 274 3675 ὑπὸ
302 3611 363 3675 τοῦ
383 3610 486 3687 θεοῦ,
516 3601 715 3694 ἀμφοτέρων
741 3606 777 3674 δὲ
798 3610 863 3671 τῶν
890 3599 1060 3689 ὀνομάτων
1085 3602 1256 3687 μετέλθχεν
1283 3601 1301 3669 ὃ

207 3705 245 3786 ἐξ
259 3701 378 3789 Ἰακὼβ
398 3703 495 3787 tata
517 3715 672 3774 Burnus:
691 3711 930 3791 „Magnificentia
945 3711 1079 3784 Israelis,
1099 3711 1302 3772 nominedivi-

207 3813 287 3873 nitus
313 3814 398 3885 dato,
423 3815 518 3872 maior
540 3823 586 3874 est
608 3834 696 3892 quam
720 3815 937 3892 magnificentia
958 3812 1075 3885 lacobi,
1099 3813 1250 3872 ordinaria
1272 3823 1303 3871 et

207 3913 294 3992 quasi
311 3915 487 3974 naturalis.“
518 3915 602 3973 Haec
624 3915 715 3991 igitur
737 3916 893 3973 verborum
910 3914 1056 3984 sententia
1072 3923 1131 3973 est:
1153 3913 1302 3972 Dominus

208 4014 364 4074 revertitur
381 4015 420 4073 ed
437 4015 524 4074 decus
542 4015 661 4088 lambi,
687 4016 739 4076 sed
755 4016 798 4074 ita
814 4015 984 4088 revertitur,
1010 4023 1042 4072 ut
1058 4022 1202 4090 appareat
1217 4012 1301 4070 Iaco-

208 4118 278 4175 bum
291 4134 356 4175 esse
368 4116 523 4188 lsraelem,
543 4135 669 4192 quocum
682 4117 787 4175 foedus
798 4116 868 4175 fecit
879 4114 1110 4185 sanctissimum,
1129 4113 1175 4171 cui
1188 4131 1303 4172 summa

209 4237 343 4296 quaeque
359 4214 511 4294 promisit,
542 4233 646 4294 quem,
674 4217 742 4275 licet
767 4214 956 4291 castigaverit
977 4222 1164 4290 peccatorum
1185 4229 1301 4284 caussa,

210 4327 306 4378 tamen
325 4317 520 4396 omnipotenti
530 4323 627 4378 'manu
643 4317 800 4377 ulciscitur.
823 4315 935 4376 Iisdem
953 4314 1013 4374 lero
1028 4314 1191 4390 particulae
1211 4327 1231 4372 2
1248 4331 1301 4388 po-
