3124 4988
274 314 343 360 un
575 319 579 326 ·
625 297 869 358 Pnouuoormsa
894 295 967 356 cur.
984 295 1025 354 11

275 480 406 542 titudine
419 480 590 540 restituerat
606 488 708 557 pater,
725 480 857 558 gentium
874 498 940 540 sese
957 477 1218 556 superstitionibus
1235 475 1379 538 audacius

275 581 375 654 dedit,
389 600 480 658 quam
497 580 578 658 quod
596 581 673 640 alluit
690 589 779 640 antea
794 599 851 640 rex
867 582 965 640 inerat
981 599 1086 651 ausus3
1104 577 1136 638 id
1153 578 1235 655 quod
1252 597 1289 636 eo
1305 579 1378 637 iaci-

274 682 340 742 lius
350 681 549 758 perpetravit,
566 700 628 758 qno
644 681 808 741 inueterata
824 681 928 757 populi
946 682 985 739 ad
1001 677 1204 738 idololatriam
1215 679 1378 754 propensio

275 781 406 842 Hiskiae
421 781 520 841 studio
538 781 669 842 cohibita
684 781 785 858 potius
803 801 892 859 quam
909 782 1059 840 eradicata
1080 787 1160 851 erat,
1184 787 1214 836 et
1230 787 1278 838 sat
1294 779 1380 838 multi

277 883 366 942 etiam
379 881 529 954 vixerunt,
543 881 594 959 qui
601 881 712 940 XXIX
723 881 810 942 annis
823 889 891 940 ante
902 882 1013 940 thasi
1026 879 1251 957 superstitiones
1263 878 1383 952 sectati,

276 981 468 1040 libidini'din
495 983 640 1040 coercitae
669 982 776 1058 pronis
795 982 855 1040 iam
877 982 984 1041 animis
1007 981 1202 1057 indulgerent.
1228 981 1276 1038 Ae
1292 979 1380 1039 sicuti

277 1086 348 1158 post
364 1081 520 1141 emendata
536 1101 623 1142 saera
637 1082 776 1158 impietas
792 1081 902 1142 recenti
919 1095 985 1140 cnm
1002 1082 1114 1157 impetn
1132 1079 1209 1140 solet
1222 1080 1378 1156 refragari,

277 1180 507 1242 itaidoleletrio'
530 1191 561 1240 et
582 1183 713 1259 nequitia
735 1182 960 1268 enmvviolentia
976 1182 1073 1241 adhue
1094 1180 1232 1240 inaudita
1247 1179 1379 1256 gressui

278 1282 386 1358 eoepit.
411 1281 482 1341 Non
499 1283 576 1341 enim
593 1283 625 1340 in
641 1283 679 1342 iis
703 1283 962 1358 superstitionibus
987 1282 1130 1342 faciendis
1152 1280 1301 1357 nequierit
1316 1280 1380 1338 Ma-

278 1401 383 1455 nasse,
409 1401 486 1460 quae
509 1382 637 1443 maiores
659 1383 719 1442 iam
733 1383 853 1441 dudum
875 1383 1071 1454 admiserant,
1095 1379 1380 1458 Syro-Phoeniciis,

278 1482 486 1542 Ammoniticis
503 1483 688 1561 aliarumque
704 1484 834 1560 gentium
852 1483 1062 1555 accolentium,
1080 1501 1181 1541 verum
1198 1481 1287 1538 etiam
1304 1481 1380 1540 side·

279 1601 347 1642 rum
364 1583 488 1656 cultum,
507 1585 545 1643 ah
563 1583 699 1661 Assyriis
722 1583 919 1657 mutuatum¹,
943 1582 1125 1659 petulantius
1150 1581 1271 1641 Achaeo
1296 1581 1381 1640 insti·

331 1790 356 1853 1)
377 1791 462 1843 Pmbe
483 1800 638 1846 notaverunt
659 1795 808 1846 Mourisios
831 1791 999 1854 (Pboeuiuier
1020 1792 1046 1856 Ι,
1069 1809 1093 1858 p.
1108 1792 1141 1843 56
1158 1805 1193 1841 ss.
1217 1789 1267 1841 164
1282 1789 1333 1850 ss)
1354 1795 1382 1838 et

279 1875 383 1926 husus
405 1874 505 1936 (eornm.
522 1880 549 1928 in
565 1879 593 1928 ll.
611 1893 682 1942 regg.
699 1897 724 1944 p.
736 1879 787 1930 tta
798 1880 843 1942 ss.)
866 1879 1011 1928 uniuersum
1033 1879 1163 1930 coelorum
1186 1875 1326 1925 exercitum
1349 1887 1384 1924 ea

281 1959 385 2013 demum
401 1967 567 2026 tempestate,
584 1977 660 2026 quam
672 1965 809 2028 Assyriam
825 1975 960 2024 vocamus,
978 1962 1122 2028 religiosius
1140 1961 1173 2010 ab
1190 1959 1316 2008 Israelitis
1333 1959 1383 2008 ooli

282 2051 400 2107 coeptum
416 2045 508 2107 fnisse3
525 2047 602 2110 idque
619 2045 654 2096 ed
671 2046 837 2108 Assyriorum
855 2048 1032 2098 commercium
1051 2061 1106 2096 esse
1123 2043 1299 2103 referendum,
1322 2041 1384 2091 inde

282 2133 402 2192 apparet,
420 2129 488 2192 quod
501 2131 603 2194 Assyrii
613 2145 666 2180 non
678 2131 759 2180 solem
770 2138 871 2190 tantum
885 2140 911 2182 et
921 2133 1023 2192 lunam,
1041 2145 1129 2180 uerum
1147 2128 1267 2178 coelestia
1278 2127 1384 2175 omnino

282 2215 390 2276 corpora
407 2213 563 2275 adorabant,
586 2215 622 2262 uti
645 2214 766 2263 traditum
789 2228 806 2262 a
822 2214 949 2264 veteribus
966 2221 1005 2264 est
1021 2221 1049 2264 et
1065 2212 1237 2262 monumentis
1254 2209 1384 2274 praeclare

282 2298 475 2362 comprobatum
496 2298 566 2347 nude
589 2299 668 2348 etiarn
691 2304 797 2361 apparet
819 2304 914 2348 temere
931 2298 1058 2348 iudicasse
1074 2297 1239 2356 Mourisios,
1262 2295 1384 2357 Assyrio·

282 2397 339 2432 runr
357 2384 512 2455 religionem
521 2383 603 2440 ‚imane
620 2397 672 2432 non
689 2382 862 2432 idololatriam
881 2381 927 2431 sed
943 2397 1035 2446 purum
1052 2381 1165 2431 siderum
1181 2380 1289 2440 cultum,
1307 2378 1385 2428 nullis

282 2467 409 2518 humanae
426 2467 599 2518 similitudinis
617 2469 771 2532 imaginibus
789 2466 908 2516 admissis
925 2465 1063 2532 (1,p.es);
1081 2465 1222 2530 permultae
1239 2464 1307 2514 enim
1323 2462 1385 2512 deo-

282 2566 339 2601 rum
356 2553 482 2615 imagines
500 2555 527 2602 in
545 2552 713 2601 marmoribus
736 2552 900 2601 inveniuntur
917 2565 1066 2614 expressae3
1089 2565 1189 2610 verum,
1207 2547 1241 2596 ad
1258 2560 1384 2612 quaenam

283 2638 388 2686 numina
405 2639 521 2700 singulae
539 2637 657 2700 deinceps
674 2635 824 2684 referendae
844 2636 910 2695 sint,
934 2649 985 2684 non
1010 2636 1079 2700 prins
1103 2635 1180 2683 statui
1202 2638 1272 2680 certo
1293 2635 1384 2694 petest,

283 2735 359 2782 qnam
377 2721 480 2784 scriptio
498 2727 606 2770 cuneata
624 2721 685 2770 satis
704 2723 738 2770 sit
756 2721 895 2770 enucleata.
915 2715 987 2780 Quae
1005 2718 1088 2768 adhuc
1104 2719 1133 2766 in
1149 2717 1198 2767 hoc
1215 2729 1308 2780 genere
1323 2727 1383 2762 eon·

284 2803 379 2866 scripta
395 2809 467 2864 sunt,
491 2819 523 2854 ea
539 2804 699 2854 coniiciendo
722 2805 776 2856 iere
792 2804 916 2866 indagata
940 2810 1013 2864 sunt,
1036 2810 1113 2866 atque
1135 2801 1268 2865 multiplici
1290 2799 1385 2847 discre-

282 2888 372 2950 pantia
389 2889 467 2937 etiam
489 2890 627 2939 incertiora
648 2888 797 2938 redduntur.
822 2889 877 2952 (cir.
894 2889 999 2938 Irarum
1016 2887 1131 2937 Niniveh
1148 2902 1173 2936 n.
1192 2901 1212 2935 s.
1230 2885 1385 2934 Ueherreste

283 2987 308 3034 p.
319 2973 371 3022 410
383 2987 431 3034 ss.;
451 2972 569 3036 (Beuum)
586 2973 643 3022 The
659 2973 750 3023 buried
767 2975 817 3036 city
836 2974 866 3022 oi
880 2973 923 3022 the
932 2973 997 3022 Eaet
1014 2987 1038 3035 p.
1052 2971 1101 3020 189
1110 2985 1159 3031 ss.;
1179 2969 1265 3020 Gessu
1276 2967 1386 3030 Assyria

283 3071 307 3119 p.
318 3056 350 3105 hb
363 3071 412 3118 ss.;
431 3056 592 3118 Gnornrnun,
607 3058 707 3120 Aulage
717 3074 742 3106 n.
751 3058 908 3120 Zerstdrnng
917 3057 942 3106 d.
953 3054 1077 3106 (lebinde
1089 3071 1120 3104 nu
1132 3052 1242 3104 Nimnud
1260 3067 1283 3115 p.
1293 3052 1325 3102 27
1335 3063 1385 3110 sa.;

283 3154 333 3202 qno
351 3140 417 3190 adde
434 3139 631 3191 Ruwurusomuu
648 3144 691 3206 qni
711 3144 784 3192 varia
800 3156 881 3206 nuper
897 3140 1004 3190 deornm
1021 3141 1140 3200 nomina,
1163 3151 1228 3202 quae
1251 3141 1387 3186 emanant

283 3225 311 3274 in
328 3222 549 3288 inscriptionibus,
565 3229 697 3290 proposuit
713 3229 754 3276 in:
773 3225 890 3276 Outlines
908 3225 938 3274 ei
949 3225 1075 3288 Assyrian
1087 3223 1185 3285 history
1203 3237 1227 3285 p.
1236 3219 1332 3270 XVIII
1341 3219 1385 3281 ss.)
1413 3231 1417 3237 ‘

283 3335 317 3346 -
333 3309 373 3358 At
388 3323 449 3359 vero
466 3310 527 3359 licet
543 3312 621 3360 totius
639 3311 812 3374 mythologiue
835 3310 909 3359 huius
934 3312 1001 3359 ratio
1023 3310 1086 3358 satis
1110 3307 1193 3356 adhuc
1216 3305 1324 3354 obscura
1341 3302 1386 3362 eit,

283 3399 383 3454 umen,
407 3407 472 3456 qnae
494 3394 528 3443 ad
550 3395 716 3444 illustrandos
738 3396 764 3444 11.
783 3411 816 3444 ss.
840 3395 996 3458 pertineant,
1020 3397 1139 3440 accurato
1161 3391 1386 3438 monumentorum

283 3475 401 3526 emmiue
418 3485 444 3526 et
461 3481 652 3543 comparatione
668 3480 788 3528 videntur
805 3478 952 3540 investigari
969 3489 1053 3539 posse.
1088 3476 1128 3522 Ac
1149 3473 1259 3534 primum
1282 3467 1385 3531 quidem

222 3602 224 3607 .
283 3575 409 3612 summum
425 3577 532 3624 numen,
555 3578 618 3624 „rex
636 3564 748 3618 omnium
766 3562 872 3610 deornm
888 3559 1055 3622 magnorum“
1073 3555 1235 3618 (strrusos
1250 3551 1386 3602 Commen-

283 3652 341 3708 tary
359 3661 392 3696 ou
410 3647 502 3696 cuneis.
520 3649 582 3698 inse.
599 3663 624 3710 p.
634 3647 690 3706 31),
714 3645 796 3694 Baal
813 3661 833 3694 a
853 3647 949 3705 Assar,
966 3647 1063 3703 Assur,
1082 3637 1199 3688 Assarak
1216 3636 1290 3700 (ibid.
1306 3652 1333 3700 p.
1343 3636 1397 3706 26.1

273 3726 402 3804 ‚Ontlines
419 3730 673 3795 p.xv111)dushus
692 3729 847 3791 imaginibus
865 3727 1030 3792 exprimitur-3
1048 3725 1130 3773 altera
1147 3721 1266 3772 circulum
1279 3719 1386 3771 exhibet

283 3813 365 3864 tribus
382 3815 430 3864 alis
447 3823 578 3876 ornatum,
596 3816 623 3864 in
642 3829 693 3878 qno
709 3813 837 3861 hnmanae
854 3813 1003 3874 plerumque
1015 3809 1113 3872 figurae
1126 3821 1186 3872 pars
1197 3809 1313 3870 superior
1324 3821 1385 3858 ouu-

283 3899 387 3962 spicitnr
403 3896 459 3958 (eir.
475 3899 590 3948 Lauren.
606 3897 654 3945 1.1.
671 3897 713 3960 fig.
724 3897 765 3956 79,
783 3909 807 3943 a.
825 3895 850 3944 b.
868 3911 895 3958 e;
913 3893 1028 3944 eiusdem
1039 3893 1205 3943 Monuments
1223 3892 1253 3941 oi
1264 3889 1384 3942 Nineveh

282 3983 335 4032 rae.
353 3983 378 4032 a.
395 3983 437 4032 eu.
451 3971 497 4032 ¹34.
514 3981 556 4030 ae.
568 3983 609 4030 41.
622 3981 656 4030 53
668 3981 709 4029 sur.
727 3979 827 4028 Boron
843 3981 860 4028 1.
873 3979 890 4028 1.
908 3995 933 4042 p.
949 3977 1023 4040 stau
1040 3980 1068 4027 in
1085 3979 1200 4041 assyriis
1219 3976 1313 4026 saturis
1331 3989 1385 4024 noe

282 4067 412 4116 iuvenitur
428 4067 478 4114 nisi
493 4065 604 4114 volitans
621 4078 697 4128 super
713 4063 804 4112 arbore
816 4077 902 4126 sacra,
919 4064 988 4113 inira
999 4061 1238 4122 commemoranda,
1255 4061 1296 4110 vel
1308 4073 1385 4122 super

282 4163 356 4212 rege,
378 4163 453 4212 quem
470 4155 515 4197 aut
531 4149 667 4197 comitatur
683 4149 738 4196 iere
760 4149 787 4197 in
809 4148 927 4213 proeliis,
954 4154 980 4198 et
1003 4164 1110 4212 quocum
1134 4159 1223 4196 omues
1247 4151 1334 4208 gestus
1358 4150 1384 4194 et

282 4233 496 4296 manipulationes
513 4245 662 4282 communes
677 4233 743 4297 agit,
760 4237 838 4283 aut'a
852 4249 903 4298 quo
915 4234 1028 4298 supplice
1039 4233 1169 4282 adoratur.
1187 4230 1285 4279 Eadem
1297 4230 1383 4292 imago

283 4313 385 4364 diversa
401 4316 487 4382 paullo
505 4317 604 4367 ratione
622 4316 750 4370 delineata
767 4318 835 4385 apud
845 4320 988 4384 Aegyptios
1001 4318 1162 4368 notissimum
1174 4321 1213 4365 est
1225 4313 1287 4364 solis
1305 4313 1382 4362 simu·
