3126 5000
250 304 300 374 40
661 309 733 370 Car.
747 311 777 383 Ι,
796 329 824 370 ν.
841 313 951 368 12-14.

248 493 331 554 braei
356 502 434 554 sunt.
481 493 570 555 LXX
593 487 651 575 τὴν
672 481 797 574 ῥάβδον
820 495 955 572 legerunt
975 507 1063 575 enare
1088 493 1140 552 cfr.
1163 494 1219 555 les.
1239 494 1303 567 IX,
1326 499 1355 570 3,

250 596 330 674 qnod
353 595 542 654 adsimilem
565 595 627 654 fere
650 613 768 654 sensum
793 594 879 653 redit
913 609 996 670 βων
1016 590 1174 677 transfor]
1196 611 1272 662 roto
1295 595 1355 656 nisi

249 696 348 772 specie
360 695 435 772 plur.
444 715 502 754 non
514 695 639 773 legitur3
653 713 745 772 genus
755 703 815 754 tum
834 693 1028 755 masculinum
1041 693 1193 754 habetles.
1200 695 1354 770 XXVIII,

248 801 296 869 223
326 796 398 870 LII,
422 801 454 868 23
480 796 532 856 Ps.
549 795 665 868 CXVI,
692 800 740 869 16,
771 805 833 855 tum
857 795 1031 854 femininum
1053 794 1118 854 Iob.
1134 794 1296 870 XXXIX,
1319 801 1353 870 53

248 897 351 956 Ierem.
362 896 501 968 XXVII,
520 900 544 954 2.
585 895 738 956 liberatio
761 895 921 956 avinculis
943 893 1090 954 indicatur
1106 895 1153 954 vel
1170 914 1198 953 v.
1212 912 1276 956 nno
1296 896 1355 958 Ies.

248 997 321 1070 LII,
340 996 434 1069 salt,
453 997 500 1055 vel
518 1017 544 1056 v.
559 1010 616 1072 par
634 997 686 1056 cfr.
703 997 754 1057 Ps.
767 997 809 1069 II,
826 1001 858 1068 33
881 997 939 1054 Ier.
952 995 998 1068 11,
1016 999 1066 1067 203
1091 994 1129 1069 V,
1146 999 1179 1068 53
1196 995 1308 1072 XXX,
1325 1002 1355 1070 8,

249 1091 331 1174 porr
351 1097 470 1157 eosdem
486 1096 584 1156 reddit
601 1115 711 1170 sonos,
730 1098 838 1176 quibus
856 1115 883 1156 v.
895 1101 927 1154 12
939 1096 1082 1155 habemus
1103 1111 1193 1170 arvo.
1206 1129 1243 1140 -
1268 1097 1355 1173 Quae

248 1199 339 1257 verba
362 1198 510 1276 pertinere
531 1198 570 1256 ad
586 1198 744 1271 Israelem,
767 1198 847 1275 apud
870 1215 974 1256 omnes
995 1196 1058 1255 fers
1082 1197 1239 1256 constabat
1261 1199 1353 1259 inter-

248 1307 361 1374 pretes,
386 1299 519 1375 exceptis
541 1299 721 1372 Timonem,
741 1301 915 1371 Acraeam,
939 1297 1079 1369 Boane,
1097 1296 1220 1374 quibus,
1245 1299 1353 1358 mirum

249 1398 342 1458 dictat
376 1399 571 1477 Assyriorum
593 1407 623 1458 et
647 1399 776 1476 gentium
800 1398 984 1458 subditarum
1002 1416 1022 1456 a
1037 1415 1106 1474 repe
1128 1407 1158 1456 et
1175 1416 1354 1474 oppressore

247 1499 384 1559 liberatio
403 1497 463 1560 esti
493 1499 603 1559 Verum
620 1499 761 1558 lsraelem
778 1498 941 1576 appellari,
959 1497 1007 1558 vel
1024 1517 1062 1556 ex
1080 1516 1116 1556 eo
1133 1509 1259 1574 apparet
1274 1501 1353 1574 loco,

248 1600 300 1678 qui
317 1600 395 1661 vatis
419 1600 518 1659 nnImo
541 1601 717 1660 obversatus
741 1610 801 1673 est,
825 1618 891 1658 cnm
908 1599 982 1657 haec
1004 1598 1145 1658 scriberet
1162 1601 1269 1674 verba,
1292 1601 1352 1661 Ics.

247 1701 295 1774 X,
312 1705 360 1758 27:
393 1709 449 1774 „et
472 1701 525 1760 iila
547 1701 595 1760 die
615 1701 664 1774 fit,
690 1709 722 1759 ut
743 1700 862 1759 recedat
885 1717 960 1758 onus
982 1698 1045 1758 eius
1068 1718 1087 1757 a
1108 1700 1224 1759 cervice
1247 1709 1298 1760 tus
1320 1710 1352 1760 et

246 1802 348 1880 iugum
366 1801 429 1862 eius
447 1821 466 1861 a
483 1802 560 1860 coilo
578 1810 649 1874 tuo,
673 1809 702 1860 et
718 1802 865 1878 frangitur
879 1800 982 1877 iugum
1003 1818 1076 1876 prae
1093 1799 1193 1859 oleo.“
1236 1800 1355 1876 Quibus

246 1903 346 1962 verbIs
364 1921 429 1961 cum
446 1901 687 1962 IesaiasHiskia
711 1911 853 1979 regnrante
877 1900 1037 1977 pernIcism
1054 1901 1249 1977 Assyriorum
1265 1921 1353 1978 prce·

247 2003 370 2076 diceret,
397 2021 491 2081 eaque
515 2003 633 2061 funesta
660 2003 713 2061 illa
736 2001 892 2063 Sanheribi
921 1999 1004 2060 clade
1032 2001 1148 2060 evenire
1173 2003 1352 2079 coepissent,

249 2103 354 2163 idedem
378 2103 441 2162 fere
462 2104 556 2162 utitur
571 2101 743 2176 Nahumus,
772 2110 805 2160 ut
829 2101 921 2162 totius
943 2101 1028 2178 regni
1049 2102 1206 2162 eversione
1227 2123 1355 2180 prorsus

231 2223 285 2269 ,οε
302 2204 474 2281 propediem
492 2203 672 2281 significaret
688 2202 814 2263 absolvi.
854 2202 920 2280 lugi
943 2209 1041 2261 autem
1064 2210 1094 2262 et
1111 2203 1298 2264 viuculorum
1313 2205 1355 2264 si·

248 2304 384 2364 militudo
408 2322 524 2362 omnem
549 2301 632 2362 illam
653 2304 744 2363 refert
767 2302 853 2382 quasi
876 2302 1064 2376 servitutem,
1094 2321 1156 2380 qna
1180 2305 1218 2364 ab
1241 2305 1355 2366 Achcsi

247 2413 380 2482 tempore
396 2406 586 2482 premebatur
601 2405 728 2478 Iudaea3
751 2423 825 2464 nam
836 2405 905 2464 licet
930 2423 1031 2462 annua
1046 2403 1221 2482 pleramque
1240 2405 1355 2466 tributa

248 2513 363 2565 tantum
379 2506 535 2582 pendenda
551 2515 650 2579 erant,
669 2525 705 2566 ea
722 2515 820 2565 tamen
838 2525 894 2582 pro
907 2503 1103 2582 Assyriorum
1120 2506 1243 2567 arbitrio
1261 2507 1353 2566 modo

251 2608 390 2683 graviora
406 2599 496 2666 modo
519 2605 633 2666 leviora
652 2602 896 2684 imponebantur3
922 2605 1043 2679 deinde,
1066 2605 1137 2664 lIcet
1151 2606 1234 2666 iussa
1250 2607 1352 2666 eorum

250 2707 348 2767 facere
363 2727 423 2766 non
440 2725 556 2784 semper
573 2708 736 2781 debebant,
760 2707 866 2766 timore
882 2715 982 2766 tamen
997 2715 1141 2784 perpetuo
1158 2708 1352 2785 angebantur,

248 2827 305 2880 ne,
334 2808 404 2884 quid
431 2808 515 2884 passi
538 2808 575 2866 ab
598 2807 637 2866 iis
660 2807 814 2866 Israelitae
837 2815 935 2880 erant,
959 2807 1042 2882 ipsos
1066 2825 1186 2885 quoqne
1210 2817 1351 2867 maneret.

247 2907 400 2980 Ceterum,
431 2907 517 2966 sicuti
546 2908 721 2966 sententiam
751 2907 851 2984 potins
864 2906 992 2966 vIesaiue
1018 2926 1108 2984 quam
1138 2910 1230 2968 verba
1257 2907 1352 2986 repeti

244 3009 395 3081 videmus,
423 3008 467 3067 ita
489 3007 673 3066 vinculorum
697 3008 785 3066 etiam
818 3007 1028 3084 cogitationem
1057 3009 1171 3068 addidit
1194 3017 1292 3082 vates,
1318 3009 1351 3068 fn

245 3127 340 3187 eoque
357 3109 505 3168 Manassis
529 3108 730 3186 captivitatem
753 3109 901 3184 respicere
919 3109 1049 3182 videtur,
1075 3109 1156 3186 quod
1178 3111 1273 3188 probe
1295 3129 1350 3168 no·

244 3211 320 3269 tavit
344 3209 551 3282 KAnrrvsxrvs3
580 3209 623 3268 ite
649 3210 729 3270 fecta
751 3209 814 3268 eius
836 3220 908 3286 post
931 3217 1113 3286 praestatem
1138 3209 1350 3286 poenitentiam

244 3311 379 3372 remissio
396 3311 527 3370 vaticinii
549 3310 665 3387 plenius
690 3309 821 3369 eventuri
844 3309 952 3388 pignus
969 3317 1041 3368 erat.
1060 3341 1095 3354 -
1132 3310 1233 3370 Nede
1250 3311 1349 3370 decem

243 3412 375 3470 tribuum
397 3411 569 3488 captivitate
588 3407 776 3470 'absolvenda
799 3411 962 3487 cogitemus
985 3409 1087 3485 (Eva,
1111 3410 1233 3490 Hrrz.),
1257 3411 1350 3472 totius

244 3511 357 3573 oraculi
373 3511 473 3571 indole
490 3521 519 3570 et
536 3511 651 3572 ratione
669 3523 813 3571 vetamur.
831 3545 868 3554 -
897 3511 1001 3570 Ierem.
1015 3511 1125 3584 XXX,
1143 3515 1160 3570 8
1176 3513 1348 3570 vaticinium

243 3613 280 3670 de
296 3613 435 3671 universo
451 3621 537 3688 gente
554 3631 640 3672 sacra
657 3613 695 3672 ab
714 3612 849 3671 omnibus
872 3612 991 3670 omnino
1016 3611 1154 3672 hostibus
1171 3612 1350 3672 vindicanda

197 3765 206 3786 ,
242 3713 357 3772 Iesaiue
374 3711 461 3772 simul
478 3723 508 3772 et
523 3707 655 3771 Nahumi
679 3712 775 3770 editur
792 3711 905 3770 verbis:
937 3720 995 3784 „et
1017 3713 1051 3770 fit
1075 3711 1128 3772 iila
1150 3713 1213 3788 die,
1238 3713 1348 3774 dietum

241 3811 366 3871 Domini
383 3813 581 3885 exercituum,
605 3812 742 3890 frangam
758 3812 860 3890 iugum
877 3812 940 3872 eius
957 3813 995 3871 de
1005 3812 1090 3871 collo
1107 3821 1159 3872 tuo
1185 3824 1215 3874 et
1229 3813 1350 3873 vincula
1443 3876 1452 3902 ι

242 3921 294 3971 tua
310 3911 493 3986 dilacerabo,
512 3931 566 3972 nec
583 3912 710 3990 amplius
727 3933 762 3972 eo
780 3913 909 3974 servient
925 3914 1120 3990 peregrinis.“
