3126 5000
612 252 684 313 Cer.
698 253 746 325 II,
765 269 793 311 v.
810 259 833 311 1.
918 295 921 306 .
1225 236 1273 319 49

171 439 241 496 beat
264 436 364 513 requi:
395 435 517 506 celebra,
535 437 716 510 Ioda,seata
733 446 799 505 oto,
822 437 928 495 ecooloe
945 447 1011 496 voto
1029 441 1098 496 tao!
1129 455 1182 501 ran
1206 457 1275 516 pro·
1384 409 1386 475 ]

171 538 252 614 prie:
277 536 390 596 versari
408 537 438 594 in
456 553 582 614 gyrum,
607 546 669 594 tum
687 555 775 609 vero,
794 539 833 595 ob
851 536 974 596 choreas
996 557 1096 597 sacras
1113 538 1275 612 saltandaa,

172 638 320 696 celebrare
343 638 467 710 festum,
491 636 592 696 addito
615 637 678 696 fere
703 655 799 697 accus.
822 655 860 700 nn
880 637 952 696 Lev.
966 637 1093 711 XXIII,
1111 641 1160 710 393
1186 639 1275 699 Num.

171 737 298 810 XXIX,
319 741 366 809 123
392 735 478 796 Such.
493 737 577 810 XIV,
598 741 638 796 16.
659 741 760 797 18.=19.
801 735 893 796 Festa
909 746 1007 798 autern
1032 737 1138 798 sacra¹
1161 739 1275 800 duabus

172 857 220 896 ex·
228 838 343 898 causele
359 837 495 896 iubentur
512 837 705 908 celebranda3
728 837 871 914 primum,
890 839 971 915 quod
989 846 1068 898 terra
1084 840 1123 898 ab
1140 838 1276 900 hostibus

172 939 312 1010 obsessa,
330 937 445 997 institui
462 956 522 996 non
539 947 682 1014 possunt,
698 946 789 1016 atque
805 939 897 1010 adeo,
915 939 942 998 si
959 939 1159 1012 celebrantur,
1179 941 1276 1001 nullos

172 1057 227 1097 nec
250 1039 362 1118 eminus
386 1057 440 1096 nec
470 1039 602 1098 cominus
631 1055 736 1115 urgere
763 1039 863 1098 hostes
886 1039 1090 1117 consequitur3
1119 1048 1182 1099 tum
1205 1059 1275 1100 vero

150 1127 315 1198 'festorum
332 1138 491 1212 maiorum,
517 1157 595 1216 quae
619 1137 735 1211 dieunt,
765 1157 920 1198 commune
937 1135 1015 1198 ¹illud
1040 1149 1101 1212 est,
1132 1140 1213 1216 quod
1237 1142 1275 1200 ad

172 1239 437 1316 redemtionem
454 1239 658 1298 celebrandam
671 1238 831 1316 pertinent3
850 1239 968 1300 Pascha
980 1239 1056 1300 enim
1069 1240 1277 1301 instituebatur

172 1338 212 1398 ad
228 1340 424 1398 revocandam
441 1340 612 1398 'memoriam
630 1339 720 1398 exodi
745 1359 784 1398 ex
801 1341 958 1417 Aegypto,
981 1339 1186 1417 promulgatae
1201 1340 1276 1419 legis

172 1439 364 1512 Pentecoste,
389 1437 594 1517 Scenophegia
610 1421 723 1516 gratiae
746 1447 776 1498 et
792 1440 1024 1513 misericordiae,
1051 1459 1140 1520 quam
1158 1460 1210 1517 per
1227 1443 1276 1501 de·

172 1547 253 1598 serta
269 1539 336 1598 loca
351 1557 424 1616 gens
442 1549 567 1616 experta
589 1547 668 1612 erat,
693 1540 786 1598 donec
807 1541 986 1616 promissam
1010 1549 1118 1600 terram
1143 1541 1275 1610 intravit.

172 1639 273 1714 Quare
296 1639 353 1698 hac
380 1639 607 1716 compellatione
635 1639 844 1699 redemtionem
868 1641 905 1698 ab
930 1641 1066 1717 Assyriis
1089 1649 1159 1700 tunc
1183 1661 1277 1718 prope
1359 1655 1363 1659 ’

172 1747 285 1798 instare
302 1738 428 1798 dilucide
444 1739 634 1817 significatur.
659 1740 717 1799 list
733 1747 847 1813 autem,
866 1740 909 1798 uti
921 1740 1015 1816 probe
1028 1749 1114 1800 notat
1125 1739 1275 1815 Uasmm,

117 1828 127 1851 ¹
172 1839 383 1912 „annunciatio
400 1839 508 1916 partim
522 1823 736 1917 gratulatoria,
754 1841 863 1916 partim
880 1840 1123 1913 exhortatorias
1140 1849 1277 1900 monetur

173 1939 262 1998 etiarn
278 1939 407 2015 populus
424 1941 518 1999 auoci
540 1925 728 2000 idololatriae
744 1939 875 2014 deditus,
899 1949 933 2000 ut
949 1941 986 2001 ad
1004 1959 1106 2000 verum
1123 1941 1275 2001 dominum

163 2058 257 2099 suum
274 2050 364 2118 atque
380 2049 539 2117 patronum
556 2041 710 2100 colendum
726 2041 853 2118 rediret3
880 2041 966 2101 sicuti
984 2041 1124 2102 Manasse
1141 2061 1158 2101 e
1174 2041 1275 2119 Baby-

171 2139 319 2199 loniorum
342 2139 468 2200 vinculis
496 2142 639 2202 liberatus
670 2140 771 2201 statim
796 2142 918 2201 deorum
944 2143 1054 2202 cultum
1082 2161 1138 2218 pro
1161 2142 1276 2202 viribus

172 2241 418 2317 exstinguendum
435 2249 465 2300 et
487 2261 573 2302 sacra
593 2239 709 2319 legibus
725 2241 865 2302 Mosaicis
887 2242 1073 2318 praescripta
1094 2241 1277 2301 restituenda

173 2341 303 2412 curavit3
327 2340 458 2400 2Parel.
474 2341 632 2414 XXXIII,
652 2346 693 2398 16.
734 2340 815 2400 Idem
841 2342 903 2399 lere
924 2359 1028 2402 sensus
1051 2341 1173 2400 alterius
1196 2360 1276 2401 com·

172 2439 341 2516 pelletionis
364 2448 423 2499 est:
455 2455 539 2514 urum
562 2435 652 2501 mbr).
696 2439 797 2498 Vota'
819 2443 982 2517 nuncupari
1005 2440 1142 2501 solebant
1165 2443 1203 2500 ab
1227 2441 1276 2515 iis,

173 2541 226 2618 qui
242 2540 327 2617 gravi
343 2541 482 2616 angustia
498 2539 732 2613 continebantur,
751 2539 867 2600 exsolvi
884 2550 982 2601 autem
999 2541 1157 2617 impetrata
1170 2542 1275 2602 salute.

175 2639 316 2719 Sequitur
332 2659 403 2720 ergo
421 2659 460 2700 ex
476 2640 523 2700 his
540 2639 654 2714 verbis,
678 2639 770 2701 fuisse
787 2633 876 2701 ctiam
894 2643 932 2701 ab
950 2641 1087 2722 Assyriis
1103 2641 1276 2718 periculum,

174 2759 239 2800 cum
257 2741 392 2800 ederetur
407 2741 588 2801 vaticinium.

225 2840 418 2920 Subiungitnr
440 2852 502 2902 tam
518 2842 614 2905 nundi
630 2843 716 2915 laeti,
741 2861 830 2921 quam
852 2843 995 2902 festorum
1019 2851 1049 2902 et
1065 2851 1202 2902 votorum
1225 2861 1278 2902 ox-

173 2943 367 3002 hibendorum
384 2961 504 3016 caussa,
528 2951 558 3002 et
574 2944 711 3022 negative
733 2951 763 3001 et
786 2943 913 3020 positive
936 2962 1095 3020 expressa:
1126 2961 1182 3002 ooo
1205 2947 1278 3002 enim

175 3045 260 3102 addet
281 3045 407 3102 incedere
427 3061 512 3119 caper
529 3053 554 3102 te
571 3061 689 3118 mquam
695 3085 704 3114 ,
728 3052 802 3101 totto
825 3045 974 3102 metiamur
990 3053 1038 3102 cat.
1081 3059 1143 3118 noa
1159 3043 1278 3118 addere,

174 3142 255 3202 baud
272 3161 341 3201 raro
358 3142 544 3202 iterationem
561 3143 722 3219 significat,
740 3151 881 3220 sequente
893 3151 945 3200 aut
957 3141 1119 3215 infinitivo,
1137 3143 1185 3200 vel
1201 3144 1279 3228 nude

176 3243 223 3303 vel
239 3243 375 3319 praefixo
392 3237 426 3321 b,
447 3251 499 3301 aut
514 3241 685 3318 praeterito.
720 3241 820 3299 Verbo
838 3257 901 3303 unu
927 3261 988 3302 non
1012 3241 1214 3301 inundationIs
1231 3243 1280 3302 vel

176 3344 286 3403 noxiae
310 3343 434 3402 alicuius
457 3342 641 3418 tempestatis
667 3341 828 3402 similitudo
851 3341 984 3402 subiecta
1007 3349 1067 3414 est,
1099 3341 1185 3401 sicuti
1208 3340 1239 3414 I,
1263 3345 1280 3400 8

95 3523 97 3526 Ι
176 3444 222 3520 (Ι.
240 3443 280 3503 Η.
299 3443 510 3523 annnms),
541 3441 593 3503 sed
619 3441 739 3502 victoris
762 3441 871 3500 victum
894 3442 1019 3518 pedibus
1042 3441 1199 3512 calcantis3
1227 3439 1280 3501 cfr.

142 3594 144 3602 ,
176 3545 234 3604 les.
247 3543 305 3617 LI,
324 3547 373 3602 232
401 3553 452 3618 „et
469 3545 585 3605 tradam
602 3551 633 3602 te
648 3545 680 3602 in
697 3561 816 3602 manum
833 3540 1027 3618 affligentium
1044 3551 1088 3615 te,
1112 3542 1163 3620 qui
1180 3540 1282 3600 dicunt

177 3626 293 3703 animae
316 3652 400 3703 tuae:
426 3655 581 3721 prosterne
605 3653 634 3703 te
657 3653 691 3704 nt
713 3651 896 3704 transeamus
913 3641 1098 3718 (incedamus
1121 3644 1281 3721 superte),

179 3753 208 3803 et
226 3744 274 3802 fac
291 3751 387 3802 terrae
413 3745 536 3805 similem
554 3763 663 3822 corpus
690 3754 787 3818 tuum,
811 3744 858 3804 vel
875 3751 909 3802 ut
924 3741 1003 3803 viam
1029 3742 1282 3804 transeuntibus.“

230 4018 256 4080 1)
273 4019 315 4068 Dc
332 4020 402 4070 omni
418 4020 543 4072 festorum
561 4021 661 4070 tattone
679 4021 724 4070 cfr.
741 4019 849 4070 Barnun
866 4018 955 4084 Symb.
967 4019 1005 4082 II,
1022 4035 1047 4086 p.
1059 4021 1166 4080 528ss.;
1184 4017 1285 4068 erat

178 4103 320 4252 1³³⁸ssth
337 4120 405 4240 iotis
427 4189 472 4241 cfr.
495 4187 604 4239 Barnun
626 4187 707 4250 symb.
725 4185 765 4248 II,
788 4203 811 4250 p.
825 4185 883 4235 352.
902 4187 966 4245 3713
995 4185 1084 4236 ern
1102 4183 1200 4237 Realw.
1219 4199 1241 4234 a
1260 4151 1284 4234 r.

180 4272 305 4323 Harum.
323 4273 366 4323 die
384 4271 464 4339 Opler
481 4273 527 4324 der
543 4273 569 4322 h.
588 4269 659 4324 Schr.
679 4288 703 4335 p.
716 4273 757 4321 38.

1033 4353 1050 4402 4
