3126 5000
277 263 325 332 48
692 267 764 325 Onu.
777 267 822 340 ll,
840 287 869 324 r.
884 271 960 324 1-5.

277 462 357 513 esset
373 450 542 528 probabile,
566 448 738 510 Nahumum
754 471 793 510 ex
810 452 927 511 duobus
944 449 1012 510 aliis
1027 436 1163 510 versibus
1180 485 1216 496 -
1242 462 1290 512 est
1305 455 1383 512 enim

276 563 411 612 extrema
427 571 547 631 quoque
563 571 667 612 versus
684 553 778 612 nostri
796 552 942 629 particula
957 551 1083 612 recitata
1099 569 1139 610 ex
1156 553 1213 611 les.
1224 553 1292 626 LII,
1312 561 1325 611 l
1343 589 1381 598 —

277 665 306 712 et
324 654 475 713 nonnullis
491 654 528 710 de
545 671 600 712 suo
622 653 732 712 additis
753 673 843 711 unam
866 651 1026 711 artificiose
1049 653 1227 728 compilasse
1250 655 1383 714 enuntia·

276 756 398 813 tionem.
444 753 534 829 Quae
552 754 699 813 sententia
721 753 946 813 usitatissimam
969 761 1031 811 tam
1054 754 1383 832 prophetarumquam

277 856 411 914 omnium
439 855 502 913 iere
528 854 560 912 ll.
583 873 624 913 ss.
650 863 803 912 auctorum
825 853 1066 912 consuetudinem
1092 853 1232 926 offendit3
1263 873 1317 928 ac,
1344 875 1384 914 ne

277 955 420 1014 Ieremias
443 954 581 1030 exempla
602 973 622 1012 a
645 953 820 1014 Kuursuo¹
848 955 908 1012 ianr
930 955 1116 1030 exprobrata
1136 963 1323 1030 repetamus,
1351 957 1384 1014 in

276 1056 367 1132 primi
383 1055 491 1132 capitis
508 1075 536 1114 v.
551 1059 567 1111 7
590 1065 621 1114 et
639 1058 670 1112 13
686 1055 812 1114 similem
828 1053 991 1131 reperimus
1007 1054 1262 1131 compositionem.
1303 1057 1383 1115 Tum

277 1175 350 1215 vero
367 1175 459 1234 grave
475 1163 597 1214 nostrae
613 1156 777 1214 sententiae
798 1155 1021 1228 documentum,
1039 1156 1121 1232 quod
1137 1155 1284 1215 Kusrmu
1298 1156 1383 1216 inda

277 1258 361 1334 gavit
378 1257 527 1334 sagacitas
544 1264 667 1314 nonest
683 1256 891 1315 omittendum:
924 1255 999 1315 illud
1015 1255 1099 1329 dico,
1123 1256 1206 1332 quod
1221 1255 1335 1316 Iesaias
1350 1259 1383 1316 in

278 1359 374 1416 altera
389 1359 458 1434 ipsa
467 1356 674 1430 vaticiniorum
692 1353 871 1434 parte'haud
888 1375 959 1415 raro
975 1357 1013 1415 de
1025 1357 1170 1416 eiusmodi
1182 1357 1286 1415 nuntio
1302 1358 1382 1417 laeto

277 1457 370 1538 faeiat
390 1459 499 1530 verba,
524 1457 577 1514 cir.
595 1456 669 1530 XL,
693 1462 726 1529 93
744 1456 834 1530 XLI,
851 1461 900 1529 273
925 1456 1029 1529 LXII,
1053 1461 1085 1529 63
1113 1457 1203 1534 „quis
1226 1457 1301 1516 liaeo
1323 1459 1383 1518 sibi

275 1558 455 1636 persuadeat
477 1577 494 1616 e
516 1556 672 1630 Nahumo,
697 1558 823 1633 abrupte
843 1558 931 1634 quasi
952 1558 1009 1616 liae
1032 1557 1070 1615 de
1090 1577 1124 1616 re
1145 1558 1301 1634 loquente,
1331 1560 1382 1618 de-

192 1677 198 1688 ·
274 1666 396 1736 promta
417 1657 529 1718 esse?“
552 1691 589 1700 -—
623 1656 760 1717 Ceterum
776 1659 914 1717 lesaiana
937 1659 1030 1717 verba
1051 1677 1072 1716 a
1088 1655 1120 1718 S.
1137 1657 1235 1716 Panlo
1257 1659 1383 1720 recitata

274 1779 342 1820 esse
364 1759 514 1831 Rom.X‚
539 1763 586 1831 15,
610 1768 641 1817 et
665 1759 704 1817 ad
725 1759 846 1818 nuntios
868 1759 1013 1836 evangelii
1035 1759 1233 1835 transscripta
1253 1769 1382 1834 censat,

274 1879 353 1939 quos
368 1859 479 1918 includi
494 1859 555 1918 illis
571 1860 670 1920 verbis
687 1860 831 1931 vidimus3
848 1879 945 1936 neque
961 1877 1032 1918 vero
1048 1858 1139 1917 LXX
1156 1861 1309 1936 sequitur,
1327 1863 1382 1920 sed

273 1961 437 2020 liberaliter
452 1961 624 2018 hebraicum
641 1961 769 2019 reddidit
784 1969 915 2032 textum,
938 1961 983 2018 ita
1004 1968 1038 2017 ut
1059 1960 1266 2035 pleonasmum
1288 1977 1380 2021 wat>
1473 1950 1476 1954 ¹

274 2075 382 2124 rusus
403 2061 434 2117 in
450 2079 540 2118 uuam
557 2061 712 2118 contrabat
728 2079 831 2118 vocem
852 2057 920 2118 τῶν
937 2048 1238 2141 εὐαγγελιζομένων
1247 2059 1267 2120 ².
1309 2061 1380 2120 Tri-

272 2163 330 2222 bus
354 2161 446 2238 igitur
466 2160 513 2218 his
535 2160 610 2218 locis
633 2159 711 2218 inter
732 2179 765 2220 se
787 2161 967 2238 comparatis
995 2161 1121 2220 dilucide
1144 2162 1310 2249 patetuV.
1328 2163 1380 2222 Ti.

271 2261 414 2322 vaticinia
435 2261 545 2319 habere
567 2279 651 2319 suum
675 2260 826 2320 eveniendi
852 2279 1058 2340 progressum,
1087 2262 1182 2320 donee
1203 2263 1235 2320 in
1258 2261 1379 2322 Christo

273 2373 303 2423 et
318 2381 412 2440 regno
430 2361 492 2420 eius
509 2361 613 2420 ultimo
630 2361 697 2420 loco
715 2362 906 2422 conficiantur
927 2372 1018 2440 atque
1034 2363 1228 2422 cumulentur.
1270 2363 1379 2440 Neque

271 2483 345 2523 vero
369 2482 435 2522 esse
456 2462 545 2521 etiam
568 2463 722 2536 existimo,
749 2463 801 2541 qui
823 2464 934 2523 Mesua
958 2463 1156 2522 Hmusnsm
1177 2472 1208 2522 et
1228 2463 1380 2524 Iudaeos²

271 2565 361 2642 longe
377 2563 521 2640 plurimos
538 2563 631 2622 secuti
653 2563 774 2640 ipsum
790 2564 966 2624 Messiam
983 2563 1116 2622 Nahumi
1131 2563 1230 2624 verbis
1255 2564 1377 2640 opinen-

273 2675 323 2724 tur
339 2663 508 2742 indigitari;
524 2663 589 2740 ipae
603 2663 681 2721 enim
693 2663 876 2738 Lurunnus,
895 2683 961 2723 cum
975 2683 1155 2742 magnopere
1167 2673 1295 2740 optaret,
1311 2665 1378 2724 fieri

273 2767 331 2823 hoc
349 2785 408 2824 uon
426 2781 516 2840 posse
531 2763 692 2835 intellexit3
719 2764 902 2839 „proinde,“
926 2765 1037 2843 inquit,
1061 2765 1214 2842 „generali
1230 2765 1377 2826 sententia

272 2866 383 2924 dictum
401 2871 474 2940 puto
499 2863 678 2922 devictoris
699 2865 867 2940 corporali,
892 2883 959 2924 cum
981 2875 1081 2924 tamen
1104 2866 1202 2942 gratia
1218 2865 1329 2926 Christi
1346 2875 1377 2925 et

272 2964 456 3040 evangelium
471 2963 710 3040 generaliter
727 2964 767 3023 sit
776 2965 952 3025 insertum.“
975 2967 1026 3024 Ex
1037 2967 1133 3025 altera
1145 2975 1231 3042 parte
1241 2967 1376 3042 peccavit

270 3068 479 3138 Aaaussuuu,
510 3082 576 3122 oum
597 3064 724 3124 Iessiam
754 3065 792 3124 de
818 3065 995 3126 liberatione
1020 3085 1075 3143 per
1095 3066 1237 3126 Messium
1264 3068 1374 3141 lutura,

270 3165 442 3225 Nahumum
459 3165 497 3223 de
512 3183 572 3224 una
587 3166 782 3243 Assyriorum
798 3167 930 3226 vindicta
951 3165 1037 3244 loqui
1053 3176 1254 3240 assemraret3
1276 3167 1374 3226 omnis

271 3267 348 3326 euim
366 3266 486 3326 Israelis
510 3266 648 3326 liberatio
670 3267 838 3327 absolutam
860 3267 962 3327 mundi
983 3268 1194 3326 redemtionem
1217 3268 1375 3344 pollicetur

269 3368 302 3426 in
320 3385 444 3445 eamque
465 3374 531 3426 tota
546 3367 657 3444 vergit3
683 3367 774 3444 quid?
800 3368 881 3446 quod
902 3369 1033 3428 recitatis
1048 3369 1164 3427 Iesaias
1179 3369 1278 3428 verbis
1292 3369 1375 3428 haud

270 3469 386 3526 occulte
411 3467 577 3543 significare
602 3476 684 3526 vates
701 3467 832 3542 videtur,
854 3469 1012 3528 vaticinari
1035 3469 1204 3544 sequidem
1224 3468 1374 3546 deAssy·

268 3569 382 3626 riorum
406 3567 541 3640 interitu,
567 3565 727 3627 subiectam
750 3563 848 3626 autern
864 3570 933 3628 huic
956 3569 1124 3628 liberationi
1146 3569 1373 3645 promissionem

270 3685 337 3728 esse
353 3668 437 3742 regni
454 3667 546 3726 divini
563 3667 601 3726 ab
618 3667 757 3726 universa
773 3669 844 3728 olim
860 3677 1012 3745 potestate
1028 3669 1152 3728 seculari
1168 3670 1339 3729 redimendi.

321 3767 451 3826 Additur
467 3768 515 3842 id,
541 3767 623 3846 quod
639 3767 804 3828 restitutam
827 3770 931 3846 populi
948 3789 1051 3846 pacem
1074 3778 1104 3828 et
1120 3771 1307 3830 securitatem
1323 3771 1374 3830 de·

319 4041 346 4103 1)
362 4041 391 4092 u.
409 4043 426 4091 1.
444 4058 469 4107 p.
481 4043 541 4094 142.

318 4127 344 4188 2)
362 4126 472 4178 Mirifice
488 4128 634 4180 Hrmmcrus
651 4129 685 4180 de
701 4145 763 4195 pace
780 4133 836 4197 (etr.
848 4133 935 4199 supra)
952 4139 978 4184 et
992 4132 1146 4186 Rumam
1163 4132 1278 4186 Nauuni
1295 4135 1374 4185 rerba

266 4221 283 4257 a
302 4206 329 4260 S.
342 4208 425 4260 Paulo
441 4213 544 4263 recitari
560 4215 727 4266 contendunt.

319 4293 346 4353 3)
362 4292 415 4344 cfr.
433 4293 602 4351 Scuorrrcrrr
619 4300 688 4353 horr.
705 4301 791 4367 haba,
808 4303 841 4354 de
857 4303 956 4356 Massia
971 4303 1017 4353 lib.
1028 4301 1064 4352 11.
