3126 5000
288 286 335 358 ‘tt
702 291 777 353 cm.
791 292 821 367 1,
839 309 868 352 ι.
881 295 975 350 ι-ιι.

285 477 338 537 cfr.
357 474 1045 550 ron.m,r;uum.xxv,4;1es.xt11,o.
1064 477 1105 534 13.
1123 505 1160 520 -
1200 491 1272 552 ιιιιι
1286 492 1392 552 :nor

284 576 364 654 (utun
377 602 412 628 =
425 580 529 656 naun)
545 578 583 637 de
598 597 694 656 aqua,
718 577 755 636 de
775 578 823 636 ira
844 596 934 654 saepe
949 575 1058 653 legitur
1074 575 1185 636 dictum
1201 581 1218 636 2
1230 577 1302 636 Par.
1316 577 1391 651 XII,

285 683 318 751 73
340 677 444 737 Ierem.
456 677 531 752 VII,
555 683 605 751 203
628 677 733 750 XLII,
759 682 804 750 18;
837 677 890 736 cfr.
912 676 967 736 En.
986 676 1049 750 IX,
1072 681 1106 749 83
1132 677 1229 754 Apoe.
1249 677 1340 750 XVI,
1364 685 1391 738 1.

285 777 428 852 „Effundi
450 777 498 836 bio
520 778 594 838 nihil
610 779 692 837 aliud
715 783 761 838 est
783 783 872 857 quam
887 778 977 854 longe
998 777 1117 855 lateque
1139 776 1284 854 dispergl3
1307 795 1392 855 gras·

285 887 369 940 satur
392 887 556 953 momento,
583 898 623 938 ao
648 878 676 938 si
703 877 781 956 ignis
810 885 905 937 totum
928 878 1035 936 silvam
1059 878 1251 954 corriperetf‘
1295 877 1392 940 cmv.

284 977 375 1038 LXX
391 978 478 1038 aliter
492 979 601 1056 legisse
616 979 787 1055 suspicandi
804 987 887 1051 sunt,
911 977 1039 1036 reddunt
1055 978 1134 1037 enim
1159 969 1255 1060 τήκει
1276 963 1392 1060 ι’ἱρχας,

284 1079 380 1138 Arab.
403 1079 556 1157 liquefacit
577 1079 743 1157 principes,
768 1079 904 1154 legerunt
927 1095 999 1156 ergo
1021 1083 1093 1138 ulter
1115 1094 1200 1168 {1:333
1222 1098 1279 1155 pro
1307 1085 1390 1170 unu?

285 1187 375 1266 “³³33-
417 1179 535 1256 Rupes,
566 1199 643 1258 quac
665 1198 721 1257 pro
747 1179 906 1239 inaccessis
928 1179 1075 1238 habentur
1102 1179 1307 1254 munimentis,
1336 1161 1391 1242 cir.

285 1279 338 1340 Ps.
351 1279 473 1353 XVIII,
490 1284 524 1353 3,
542 1281 698 1340 diruuntur
709 1280 749 1339 ab
766 1298 812 1353 eo,
832 1297 884 1339 seu
900 1297 974 1356 prae
990 1296 1041 1351 co,
1064 1295 1158 1352 iton,
1175 1279 1196 1338 i.
1214 1299 1240 1339 e.
1257 1300 1330 1357 prae
1346 1282 1391 1340 in·

285 1397 370 1440 cessu
387 1380 451 1440 eius
468 1388 499 1439 ct
513 1380 731 1457 increpatione,
755 1381 808 1440 cir.
825 1380 931 1439 Isrem.
943 1379 1070 1451 XXIII,
1087 1383 1130 1437 29.
1166 1379 1316 1441 vertimus
1334 1401 1391 1444 nos

287 1499 399 1558 „rupes
414 1486 522 1557 'ruptae
538 1484 638 1554 suut“,
656 1489 690 1540 ut
705 1480 946 1557 paronomasiam
963 1479 1125 1553 imitemur,
1145 1499 1222 1557 quae
1237 1481 1393 1542 intercedit

284 1581 363 1640 inter
383 1597 482 1660 nnn),
503 1595 597 1660 thur,
621 1589 651 1639 et
671 1596 803 1660 murum,
825 1587 984 1658 praeeunte
998 1579 1165 1639 Msuuuuo

336 1680 458 1755 „Tanta
473 1680 563 1758 igitur
579 1701 645 1740 cum
662 1681 702 1741 sit
718 1681 766 1740 dei
781 1681 924 1759 potentia,
942 1687 977 1738 ut
989 1699 1054 1739 eam
1066 1700 1104 1738 ne
1115 1680 1313 1742 solidissimae
1325 1685 1393 1761 qui·

286 1782 353 1842 dem
370 1780 471 1843 mundi
494 1789 596 1860 partes
620 1782 765 1841 sustinere
786 1781 921 1859 possint,
944 1797 1015 1839 num
1037 1780 1081 1838 illi
1098 1799 1153 1840 vos
1169 1779 1323 1842 Ninivitas
1344 1794 1393 1842 re'-

285 1882 391 1942 sistcre
406 1880 563 1957 poteritis?
589 1901 660 1941 num
677 1901 732 1942 ros
749 1884 892 1942 adversus
908 1881 992 1939 illum
1010 1879 1112 1954 muris,
1130 1881 1231 1955 fossis,
1249 1883 1391 1958 turribus,

183 1992 190 2009 “
285 1981 442 2059 praesidiis
463 1981 507 2040 ita
528 1981 689 2041 instructos
706 1984 835 2058 putatis,
861 1989 895 2040 ut
916 1979 996 2040 illius
1012 1979 1236 2058 impressionem
1252 1983 1392 2043 hostilem

286 2089 420 2140 avertere
436 2081 584 2157 possitis?
627 2081 706 2155 Quid
730 2083 808 2141 euim
829 2081 987 2140 homuncio
1012 2081 1148 2140 mortalis
1165 2085 1244 2142 ctt.“
1284 2081 1392 2144 Gust-

285 2198 406 2241 nunnus
428 2181 508 2239 hom.
521 2180 553 2239 11
576 2180 608 2238 in
628 2179 725 2242 Nach.
768 2181 819 2242 Sic
842 2189 945 2240 nostro
967 2180 1000 2238 in
1030 2189 1175 2240 commate
1198 2182 1236 2241 ab
1261 2184 1392 2245 universi

284 2281 384 2342 iudicii
401 2280 598 2358 descriptione
614 2281 756 2342 transitus
779 2283 814 2341 fit
830 2281 870 2341 ad
894 2279 1022 2359 speciem
1039 2280 1187 2341 vindictae
1203 2281 1240 2341 de
1255 2284 1392 2364 Assyriis

285 2382 445 2442 sumendae
460 2381 722 2458 praeformandam
738 2402 767 2441 ι.
782 2383 878 2440 7-11.

706 2725 751 2795 Β.
784 2720 828 2796 ἰ.
849 2727 971 2798 7-11.

334 2880 446 2940 Verum
476 2879 625 2939 enlmvero
654 2880 771 2941 iudiciis
802 2881 864 2942 suis
893 2879 1065 2943 exercendis
1088 2880 1236 2946 Dominus
1268 2901 1331 2942 uun
1358 2883 1392 2944 id

284 2980 381 3042 solum
397 2979 502 3054 efficit,
518 2988 552 3039 ut
568 2981 797 3059 exstinguantur
813 2982 956 3056 malefici,
979 2982 1033 3042 sed
1049 2983 1138 3044 etiam
1155 2991 1189 3042 ut
1204 2982 1391 3044 vindicentur

282 3080 335 3159 pii.
373 3080 541 3159 Utrumque
555 3079 615 3140 iam
633 3083 824 3161 sequentibus
841 3084 1002 3160 exponitur
1019 3083 1172 3158 versibus,
1194 3083 1253 3156 ita,
1278 3092 1313 3144 ut
1329 3087 1389 3144 ι.7

282 3189 390 3260 agatur
405 3183 443 3242 dc
458 3182 530 3260 piis,
553 3201 582 3241 v.
597 3186 614 3240 8
636 3183 673 3242 de
695 3184 850 3258 hostibus,
874 3189 935 3244 nt
951 3183 988 3244 de
1004 3183 1154 3262 utrisque,
1178 3205 1206 3244 v.
1222 3189 1255 3244 10
1271 3193 1390 3244 rursum

281 3283 319 3342 de
335 3283 486 3357 hostibus,
504 3302 532 3342 ι.
548 3287 579 3340 11
598 3283 634 3342 de
649 3283 717 3360 piis.
742 3285 862 3344 Vindex
879 3284 1004 3344 enimet
1019 3283 1114 3344 iustus
1131 3284 1222 3344 index
1239 3283 1390 3346 Dominus

281 3392 327 3443 est
343 3383 440 3444 bonus
456 3383 549 3455 idem,
573 3402 627 3442 nec
644 3384 777 3444 destituit
793 3405 861 3457 eos,
884 3385 935 3464 qui
958 3403 1042 3445 suam
1064 3385 1096 3442 iu
1119 3405 1155 3444 eo
1177 3383 1315 3445 fiduciam
1331 3398 1390 3461 po·

280 3492 355 3542 nunt
376 3504 405 3543 ι.
418 3487 451 3555 Ί;
482 3483 605 3542 Ninum.
620 3493 733 3556 autem,
759 3485 847 3544 sicuti
874 3484 975 3546 hostes
1005 3501 1076 3546 suos
1107 3503 1226 3559 omues,
1256 3484 1401 3544 funditus

281 3583 445 3661 exstinguit
461 3603 489 3642 v.
502 3587 528 3642 8.
574 3582 676 3657 Quare
690 3604 728 3644 nc
745 3585 867 3646 timeum
882 3585 1000 3658 Iudaei,
1026 3605 1064 3644 ne
1080 3593 1331 3662 vexenturporro
1349 3585 1388 3645 ab

281 3683 433 3760 Assyriis,
459 3699 527 3742 cum
544 3682 632 3756 deus,
658 3683 685 3744 si
703 3685 925 3762 quosevertit,
948 3686 994 3744 ita
1008 3693 1175 3762 pervertat,
1200 3694 1234 3744 ut
1255 3685 1390 3746 funditus

253 3783 258 3796 '
280 3782 427 3842 intereant
447 3802 476 3842 v.
490 3785 523 3856 93
551 3801 620 3842 uam
637 3783 685 3844 vel
707 3785 860 3860 spinarum
883 3785 981 3846 instar
997 3786 1158 3862 perplexos
1175 3785 1245 3848 illos
1266 3785 1399 3862 necopisv

281 3885 355 3942 nato
376 3882 415 3942 hd
444 3901 532 3942 unum
556 3901 658 3944 omnes
685 3886 819 3945 consumi
842 3885 915 3947 lacit
936 3906 965 3946 v.
986 3891 1034 3960 10,
1062 3885 1161 3946 ἱιιιιίι
1185 3886 1327 3946 liberetur.
1348 3886 1388 3946 ah

281 4002 459 4061 oppressore
474 3982 594 4043 Iudaea.
629 4003 658 4044 v.
674 3991 716 4044 11.

332 4083 470 4144 Ceterum
487 4085 622 4144 omittere
644 4085 816 4164 nequimus,
840 4085 1052 4146 sententiarum
1068 4086 1243 4174 parientem
1267 4104 1388 4164 compo·

280 4183 388 4244 sitione
403 4185 494 4244 ctiam
509 4202 646 4246 versuum
663 4193 693 4246 et
709 4203 831 4246 numano
848 4186 1000 4263 praeclare
1022 4187 1054 4248 iu
1076 4188 1134 4246 hoc
1150 4187 1247 4263 capite
1264 4199 1388 4262 express

280 4303 344 4345 sam
360 4305 516 4363 apparere.
550 4285 654 4346 Prima
669 4287 746 4348 onim
764 4287 853 4364 quasi
868 4287 1010 4365 stropha,
1027 4308 1056 4346 v.
1071 4292 1159 4359 Μ,
1178 4285 1266 4350 sicut
1282 4287 1387 4360 alters,
1460 4366 1466 4376 .
