3122 5002
270 269 339 340 122
655 273 728 334 om.
742 274 850 346 111‚v.
864 277 974 332 14-19.

265 459 348 516 verbi
367 457 465 535 specie
477 475 636 534 personam
650 457 747 516 notari
761 457 940 528 dixerimus,
959 455 1239 532 amanuenses.)
1252 455 1380 516 mutius

265 559 478 618 abstractivam
490 559 618 618 formam
630 559 815 617 concretivae
828 575 916 636 agere
928 557 1008 616 vices
1021 555 1130 614 docuit.
1157 555 1245 615 Unde
1257 564 1376 629 eutem,

265 660 428 736 quaeritur,
445 660 584 736 Dagesch
601 659 675 718 illud
687 659 719 717 in
732 658 752 718 l.
775 660 818 718 r?
844 657 916 717 Non
928 658 1052 716 multum
1064 657 1191 716 attulere
1207 656 1297 727 lucis,
1316 657 1377 733 qui

264 760 301 818 de
319 775 351 835 qn
372 761 515 836 partitive
533 761 716 836 cogitarunt,
735 760 853 832 Manu,
866 759 1028 818 Hortarer
1048 757 1235 833 „principum
1249 765 1375 816 tuorum

265 871 326 918 tam
339 861 424 918 multi
437 870 505 920 sunt
520 873 557 919 ct.
568 865 604 933 3⁶⁴
624 860 726 938 quidni
739 862 816 918 enim
826 860 913 918 alteri
924 877 1045 937 quoque
1056 857 1123 917 voci
1143 873 1259 932 qinono
1280 876 1373 932 prae·

263 962 394 1036 positum
418 961 515 1020 esset?
542 961 712 1037 impeditius
734 961 823 1020 etiam
844 961 869 1019 Ι.
887 961 927 1018 D.
945 960 1039 1018 Mren.
1063 958 1160 1034 suppl.
1184 958 1288 1016 vertit:
1323 957 1372 1030 „ii

264 1061 315 1138 qui
333 1081 352 1120 a
368 1061 536 1120 diademate
553 1071 623 1121 sunt
639 1061 701 1120 scil.
719 1061 883 1138 proximi.“
900 1060 943 1120 Ut
966 1060 1027 1119 alia
1049 1067 1269 1135 praetereamus
1286 1077 1369 1118 eom-

263 1171 378 1234 menta,
396 1171 475 1225 recte
492 1162 633 1222 statuisse
649 1162 802 1234 videntur,
821 1161 873 1240 qui
889 1160 1030 1238 Dagesch
1047 1158 1245 1236 euphouioum
1262 1175 1369 1236 argue-

210 1247 217 1254 ’
264 1272 344 1335 rent,
367 1263 410 1321 uti
435 1263 580 1322 eiusmodi
603 1271 705 1321 notam
728 1262 892 1338 appellavit
909 1261 1084 1331 Garanum,
1110 1259 1282 1335 expressius
1298 1259 1368 1318 aw.

261 1362 402 1439 Dagesch
427 1363 583 1436 dirimens,
607 1364 660 1422 cfr.
679 1364 705 1440 §.
719 1368 768 1436 92,
787 1382 811 1422 c.
831 1368 894 1435 160,
913 1383 943 1435 c,
969 1360 1218 1439 quemadmodum
1241 1369 1370 1436 apparet

262 1463 293 1520 in
310 1484 339 1523 v.
358 1471 470 1549 cappo,
491 1477 596 1551 uqrnn
614 1463 687 1522 all.¹
712 1463 796 1522 Haec
818 1472 916 1523 autem
933 1462 1016 1522 verbi
1038 1461 1155 1520 notatio
1177 1463 1369 1520 confirmatur

262 1583 315 1636 eo,
345 1545 427 1641 quod
453 1539 547 1622 duces⁸
563 1544 775 1641 Assyriorum,
805 1583 859 1624 nec
883 1565 972 1622 duces
996 1562 1110 1634 solum,
1138 1579 1241 1620 verum
1264 1580 1366 1622 omnes

263 1663 369 1737 ctiam,
388 1664 439 1740 qni
457 1665 602 1740 supremis
619 1665 789 1726 muneribus
805 1664 896 1742 regiis
912 1664 1126 1740 fungebantur,
1143 1661 1319 1722 diadematis
1337 1671 1368 1722 et

263 1765 382 1824 coronis
400 1765 598 1843 pretiosisque
615 1766 696 1825 vittis
713 1775 798 1825 erant
815 1765 927 1838 ornati,
951 1763 995 1822 uti
1018 1764 1124 1822 docent
1145 1770 1334 1822 monumenta
1344 1761 1365 1822 ².

264 1866 383 1923 -Iam
398 1885 470 1924 vero
487 1866 631 1925 Matrinus
649 1867 829 1926 Wurzelwb.
853 1875 883 1924 et
899 1866 1072 1924 Macareus
1094 1863 1262 1939 principum
1286 1864 1365 1940 cogi-

263 1966 405 2024 tationem
422 1987 442 2024 a
458 1985 538 2024 nexu
555 1967 766 2026 sententiarum
788 1985 912 2042 prorsus
933 1965 1061 2024 alienam
1083 1983 1149 2024 esse
1170 1965 1364 2036 contendunt3

264 2074 295 2124 et
316 2085 415 2124 nonne
439 2075 580 2142 sequente
603 2084 691 2125 versu
715 2067 877 2126 afferuntur
897 2075 1052 2142 pastores,
1075 2065 1096 2122 i.
1115 2085 1140 2124 e.
1163 2064 1312 2141 principes
1335 2074 1366 2124 et

264 2165 367 2238 duces,
392 2174 482 2244 atque
498 2167 663 2242 magnifici,
680 2167 856 2244 magnates?
881 2167 1046 2226 Hrrzrerns
1064 2174 1162 2226 autem
1177 2165 1285 2226 haecce
1301 2185 1364 2224 mo·

262 2267 339 2324 nuit:
365 2267 439 2339 „mit
455 2265 795 2326 Heuschreckenhaufen
817 2268 984 2344 verglichen
1010 2266 1129 2325 werden
1151 2265 1259 2324 sollten
1282 2266 1364 2326 nicht

263 2365 385 2439 Solchc,
404 2367 452 2425 die
470 2368 761 2446 verhaltnissmiissig
778 2377 852 2430 stets
869 2369 983 2444 wenige
1000 2367 1082 2440 sind,
1106 2366 1249 2439 sondcrn,
1276 2367 1362 2425 deren

262 2467 319 2526 wie
338 2469 421 2540 jener
438 2468 582 2542 Kramer,
610 2470 675 2527 eine
697 2488 802 2546 grosse
818 2469 934 2541 Zehl;“
960 2487 1059 2526 verum
1082 2467 1231 2526 enimvero
1254 2468 1362 2543 princi-

261 2587 332 2642 pum
349 2568 463 2626 notioni
480 2587 539 2626 non
557 2577 714 2645 tantopere
727 2580 775 2631 est
790 2570 1000 2641 insistendum,
1023 2575 1150 2645 possunt
1171 2568 1291 2627 omnino
1309 2569 1361 2627 du·

261 2685 309 2727 ces
326 2676 356 2727 et
371 2687 510 2743 proceres
528 2669 661 2746 cogitari.
689 2672 791 2748 Atque
807 2681 841 2729 ut
857 2671 894 2728 de
911 2670 1034 2728 ducibus
1047 2667 1225 2728 militaribus
1236 2669 1268 2726 iu
1281 2677 1360 2727 utra·

261 2787 319 2844 que
334 2786 410 2826 voce
427 2768 606 2827 enucleanda
628 2779 746 2846 praeter
769 2780 866 2830 cetera
892 2771 1068 2847 cogitemus,
1095 2787 1250 2827 moremur
1273 2769 1362 2828 etiam

261 2887 313 2940 eo,
333 2869 413 2944 quod
430 2867 461 2924 in
478 2869 560 2944 regia
578 2871 799 2945 expeditionum
818 2881 848 2929 et
863 2871 1055 2929 victoriarum
1072 2870 1361 2942 commemoratione,

261 2967 353 3026 titulis
384 2969 515 3028 cuneatis
540 2969 603 3028 fere
620 2989 779 3046 expressa,
809 2971 867 3030 tria
893 2972 1069 3048 praesertim
1100 2971 1226 3029 militum
1254 2989 1361 3047 genera

260 3079 542 3144 commemorantur,
567 3091 644 3149 quae
660 3072 901 3132 Rnwetrrsoruns
924 3072 1040 3148 anglico
1066 3091 1202 3132 sermone
1218 3072 1359 3132 reddidit:

311 3371 337 3432 1)
356 3372 485 3436 (iuvius,
503 3375 578 3426 sicuti
595 3390 684 3426 omnes
701 3377 755 3426 iera
772 3377 869 3440 nodos,
886 3379 925 3427 ita
940 3375 1008 3426 hunc
1018 3375 1189 3440 qnoqueeliis
1201 3375 1286 3426 verbis
1302 3391 1357 3440 sup·

258 3459 349 3521 positis
366 3458 488 3522 expedire
504 3475 557 3510 non
574 3462 708 3524 miramur3
727 3477 779 3512 uon
796 3464 881 3512 minus
898 3461 1007 3512 abiicere
1021 3475 1086 3510 cuns
1099 3461 1175 3510 callet
1186 3461 1357 3512 humens:

260 3544 388 3604 „omnium
405 3543 515 3594 fortasse
532 3546 744 3610 simplicissimum
756 3554 808 3608 est,
825 3553 854 3596 ut
870 3544 1059 3598 incommodum
1070 3543 1262 3608 illustgesch
1275 3544 1357 3594 delea-

258 3626 328 3686 tur‚“
348 3617 417 3689 quod
435 3627 508 3678 deest
525 3644 615 3680 revera
631 3632 658 3679 in
675 3631 691 3678 6
709 3629 772 3679 Mss.
789 3629 934 3692 Rossianis,
952 3627 1020 3679 uude
1039 3629 1071 3678 ab
1084 3628 1237 3678 emendante
1248 3627 1356 3692 quadam

256 3723 334 3758 mann
352 3711 458 3759 eiectum
477 3719 590 3776 apparet.

307 3794 333 3853 2)
350 3794 402 3843 Cir.
420 3795 533 3847 ursan.
550 3798 668 3848 Nineveh
681 3811 706 3846 n.
724 3798 793 3846 scine
803 3797 910 3848 Ueberr.
928 3813 953 3862 p·
966 3799 1024 3849 357.
1042 3798 1128 3850 Gossr
1140 3799 1250 3862 Assyria
1260 3814 1285 3862 p.
1294 3799 1356 3850 463:

257 3879 343 3942 ,Higlr
360 3879 460 3929 officers
477 3882 507 3930 ol
521 3882 565 3932 the
583 3889 649 3932 state
660 3895 729 3932 were
741 3881 857 3932 adorned
869 3881 933 3932 with
948 3883 1078 3945 diadema,
1095 3885 1190 3947 closely
1204 3883 1356 3950 resembling

256 3963 300 4012 the
317 3965 400 4013 lower
416 3964 485 4016 baud
503 3966 533 4016 of
547 3966 590 4016 the
608 3966 681 4030 royal
699 3968 788 4028 mitre,
810 3969 945 4032 separated
967 3969 1034 4018 from
1057 3969 1101 4018 the
1122 3983 1169 4033 cap
1189 3969 1262 4018 itself
1282 4004 1354 4019 .....

255 4047 322 4110 Very
340 4051 484 4114 commonly
501 4052 545 4102 the
562 4052 629 4102 head
647 4067 703 4102 was
721 4052 847 4102 eneircled
864 4053 928 4102 with
945 4068 962 4102 a
979 4055 1068 4118 simple
1085 4055 1149 4103 fillet
1160 4054 1284 4118 orhoop,
1300 4069 1354 4118 pro-

255 4131 333 4196 bably
350 4135 380 4182 of
394 4135 468 4198 gold,
487 4136 595 4186 wrthout
612 4153 662 4202 any
681 4137 833 4187 adornarent
845 4137 892 4185 ct.“
911 4137 1045 4188 Eiusmodi
1058 4138 1245 4201 diadematum,
1263 4140 1355 4204 passim

255 4215 386 4266 obviorum
413 4219 439 4267 ln
457 4227 677 4271 monumentorum
695 4223 803 4283 tabulis,
826 4223 950 4288 imagines
974 4224 1100 4290 expressit
1118 4223 1203 4274 Gossr
1222 4223 1238 4270 l.
1251 4223 1282 4284 l.;
1305 4221 1353 4271 Bc-

253 4313 311 4350 ncrn
329 4317 352 4364 p.
365 4303 414 4351 319
433 4305 571 4355 secundum
589 4303 690 4356 Borrsn
708 4307 760 4358 tab.
776 4307 832 4356 163,
