3122 5002
621 293 694 353 on.
707 295 768 367 111,
788 313 816 352 v.
830 297 856 352 e.
1213 287 1281 358 101

180 478 211 535 'n
243 471 334 541 attat
352 485 511 536 exnancos
528 478 630 536 hostes
647 477 738 536 olent.
755 509 791 522 --
808 475 866 553 IV)
884 473 1061 535 Gnsnruus¹
1078 473 1185 536 ddnde
1197 473 1281 553 Scy·

180 577 326 636 thurum
343 577 538 656 irruptionem
556 579 595 636 ab
612 576 768 636 Herodoto
784 584 935 636 narratam
950 575 1034 634 illam
1050 575 1216 648 intellexit,
1233 594 1285 636 ou·

179 677 226 736 ius
250 685 312 736 tam
336 679 451 737 incerta
472 685 563 755 atque
583 677 698 736 lubrica
719 685 749 736 et
770 677 844 737 fides
872 675 990 734 omnino
1014 683 1044 734 et
1065 683 1181 752 tempus
1203 673 1285 748 ω’,

178 777 232 838 vix
261 785 295 835 ut
317 778 445 837 conferri
471 778 502 836 in
533 789 681 837 certamen
698 777 804 836 valeat.
829 809 865 820 -
889 776 932 854 V)
953 775 1019 834 Nec
1048 775 1205 834 defuerunt
1232 776 1284 854 qui

179 876 524 956 Carthaginienses
560 879 649 937 etiam
673 877 773 936 induci
800 881 890 953 posse'
918 878 1081 952 probarent
1108 875 1284 953 (unsrun,

179 975 356 1038 Suaesunm
372 978 392 1036 l.
410 978 447 1056 1.)
464 997 523 1036 uno
540 979 687 1038 sublevati
704 979 856 1037 Auurnno
872 977 1091 1050 Maeonmno,
1110 975 1162 1054 qui
1179 977 1284 1036 urbem,

179 1076 416 1155 Hecatompylos
438 1097 458 1138 a
480 1079 592 1138 Poenis
622 1079 693 1137 olim
723 1085 924 1155 expugnatam
954 1077 1059 1149 tredit;
1088 1076 1195 1155 quibus
1223 1076 1286 1136 nisi

178 1179 358 1253 respondere
374 1178 405 1236 in
423 1178 522 1238 animo
541 1187 587 1239 est
603 1197 670 1238 cnm
687 1177 828 1238 Guesnro
846 1177 921 1238 thes.
938 1197 966 1238 a.
984 1198 1013 1236 v.
1029 1194 1082 1251 nn,
1106 1177 1196 1236 aliam
1220 1176 1285 1236 ior·

179 1288 260 1336 tasse
277 1277 438 1355 significari
456 1279 585 1340 eiusdem
602 1279 731 1338 nominis
748 1261 952 1352 nrbemssatis
969 1277 1026 1336 erit
1046 1276 1209 1350 monuisse,
1229 1277 1283 1335 du·

177 1376 260 1436 bium
277 1379 351 1436 illud
368 1379 405 1437 de
421 1387 483 1438 tam
499 1389 615 1439 remota
632 1378 808 1455 antiquitate
830 1377 1030 1438 testimonium
1051 1377 1160 1436 idoneo
1181 1395 1282 1436 carere

179 1487 337 1538 momento.
360 1513 395 1522 —
421 1478 479 1557 VI)
501 1479 638 1557 Denique
660 1478 738 1537 inter
760 1497 826 1550 eos,
859 1479 911 1555 qui
931 1478 1122 1555 praeteritam
1150 1477 1283 1554 aliquam

179 1577 293 1638 cladem
323 1599 342 1638 a
372 1587 441 1638 vete
471 1579 580 1655 respici
609 1578 796 1650 existimant,
826 1579 955 1638 maxime
979 1578 1109 1636 omnium
1132 1577 1284 1638 aberravit

178 1678 383 1752 Boonnnrue,
413 1697 478 1738 oum
504 1685 622 1755 captam
649 1699 668 1738 a
688 1677 938 1738 Nebucednerure
964 1677 1142 1755 intelligeret
1167 1680 1281 1752 urbem,

161 1787 270 1857 ¹atque
300 1779 375 1838 adeo
405 1775 592 1852 Nahumum,
622 1798 689 1838 oum
717 1787 823 1855 postea
853 1778 1034 1854 scripsisset,
1064 1778 1233 1854 praedictae
1262 1797 1283 1838 a

179 1879 305 1938 Ieremia
322 1890 352 1938 et
363 1879 517 1938 Ezechiele
533 1879 626 1939 cladis
644 1888 674 1938 et
689 1879 810 1938 iamiam
827 1880 978 1938 consectae
994 1879 1129 1938 extitisse
1146 1878 1264 1938 testem!

229 1979 294 2040 Iam
311 1998 382 2040 vero
399 1980 439 2038 ad
455 1980 573 2056 singula
588 1989 763 2056 argumente
778 1980 847 2053 illa,
872 1999 888 2038 e
912 1979 1019 2055 quibus
1036 1978 1170 2056 singulas
1190 1978 1283 2038 inter·

178 2087 296 2156 pretum
319 2079 474 2156 opiniones
494 2081 707 2158 improbandas
726 2099 792 2142 esse
804 2079 949 2154 diximus,
968 2079 1096 2153 accedit,
1114 2079 1196 2157 quod
1213 2086 1283 2139 ante

179 2179 311 2240 Nahumi
331 2189 457 2240 aetatem
475 2181 594 2240 Thebas
611 2201 672 2240 non
689 2200 754 2241 esse
771 2189 958 2258 expugnatas
982 2189 1072 2258 atquc
1094 2180 1208 2240 dirntes
1231 2197 1281 2238 ne-

180 2299 239 2356 que
253 2280 368 2340 incolas
384 2281 416 2338 in
434 2281 635 2357 captivitatem
652 2281 810 2354 abductos,
836 2301 875 2340 ex
890 2281 965 2357 ipsis
981 2280 1200 2357 Aegyptiorum
1217 2297 1281 2338 mc·

179 2379 328 2440 numentis
344 2388 477 2452 constat,
495 2399 621 2458 quorum
638 2381 754 2440 indiciis
771 2379 1076 2457 magnificentissimae
1092 2380 1174 2439 urhis
1186 2378 1280 2438 histo·

179 2479 227 2538 ria
243 2479 317 2540 satis
333 2480 495 2538 luculenter
512 2479 698 2552 coniicitur³3
715 2499 842 2558 quorum
859 2479 1035 2540 auctoritate
1047 2480 1197 2552 docemur,
1214 2479 1280 2538 nul-

179 2579 241 2640 lam
257 2579 381 2640 adonius
397 2581 538 2639 momenti
555 2581 668 2639 cladem
686 2581 812 2657 cogitari
828 2599 918 2657 posse
934 2589 1003 2639 ante
1020 2578 1229 2658 Cambysemt

233 2680 319 2755 Quae
335 2699 400 2740 cnm
416 2680 460 2740 ita
477 2680 551 2754 sint,
569 2699 682 2758 pancos
698 2681 766 2742 illos
783 2681 935 2757 sequimur
950 2681 1143 2756 interpretes,
1169 2679 1220 2756 qui
1235 2679 1282 2738 iu·

182 2790 278 2842 turam
306 2782 476 2842 Thebarum
505 2783 655 2841 fortunam
681 2783 916 2858 praenuntiatam
947 2781 1098 2854 viderunt,
1127 2781 1282 2852 Hieron,

182 2881 438 2956 Tsnooonarun,
462 2881 638 2956 Gramion,
663 2882 840 2956 Ocoonrnn3
869 2885 1027 2943 verborum
1049 2881 1140 2958 igitur
1168 2880 1284 2940 formae

181 3001 238 3058 pro
250 2982 431 3058 propheticis
444 3002 520 3060 qnae
533 2984 616 3042 aiunt
628 2983 795 3060 praeteritis
808 2983 961 3042 habendae
974 2991 1067 3040 erunt
1090 2980 1199 3058 Neque
1211 2999 1282 3040 vero

183 3100 218 3140 ec
235 3081 294 3140 illis
311 3081 430 3140 nomine
446 3082 638 3154 assentimur,
665 3083 746 3159 quod
769 3092 878 3142 certam
903 3083 948 3140 illi
966 3081 1115 3158 quandam
1131 3079 1283 3156 indigitari

182 3181 431 3258 expugnationem
448 3181 670 3253 existimarunt3
688 3181 748 3240 imo
767 3181 899 3258 Aegypti
911 3192 1001 3256 caput
1013 3179 1283 3257 splendidissimum

183 3282 304 3340 omnino
325 3281 363 3340 iri
385 3300 518 3340 eversum
544 3282 681 3354 docetur,
704 3281 795 3358 idque
816 3289 878 3339 tam
900 3299 919 3340 a
941 3279 1104 3356 Cambyse,
1130 3298 1220 3365 quam
1244 3279 1283 3338 ab

182 3382 249 3443 eliis
266 3381 403 3459 deinceps
421 3381 573 3455 omnibus,
597 3381 649 3460 qui
665 3381 786 3442 Thebas
808 3399 939 3459 unquam
961 3381 1188 3453 destruxerunt,
1213 3397 1283 3438 con·

181 3483 291 3542 fectum
306 3490 360 3542 est.

231 3583 374 3642 Videmus
390 3582 481 3660 igitur
496 3582 611 3642 duabus
628 3601 667 3640 ex
678 3582 792 3642 caussis
802 3581 974 3641 Thebarum
985 3579 1088 3640 afferri
1099 3578 1284 3654 exemplum:

181 3683 323 3760 primum,
347 3703 384 3742 ne
406 3691 512 3742 natura
531 3681 606 3742 Nini
623 3689 653 3742 et
670 3683 777 3759 opibus
795 3681 915 3760 Assyrii
932 3679 1096 3759 quidquam
1113 3688 1216 3742 eontra
1233 3679 1285 3740 de-

182 3784 323 3845 stinatum
339 3783 397 3843 sibi
412 3783 507 3842 iatum
524 3782 623 3842 velere
639 3783 860 3855 existimarent,
884 3794 947 3844 tom
963 3800 1051 3855 vero,
1073 3800 1111 3840 ne
1135 3780 1202 3858 quie
1224 3778 1288 3842 illis

234 4059 259 4122 1)
275 4057 327 4108 Ch.
346 4057 477 4108 HailIeche
493 4057 727 4126 litteraturzeitung
745 4061 820 4122 1841,
837 4059 890 4110 No.
902 4062 924 4108 l.

231 4143 258 4206 2)
274 4143 305 4194 F.
323 4145 357 4196 A.
376 4141 487 4193 Smnusa
505 4141 584 4206 Zeph.
606 4145 680 4209 proli.
699 4160 721 4210 p.
735 4143 803 4194 xlx
815 4158 848 4194 ss.
871 4143 1018 4194 Drmrzscn.
1030 4141 1097 4192 Hab.
1115 4155 1139 4206 p.
1152 4137 1253 4190 XVIII.

191 4213 194 4221 ’
233 4225 259 4287 3)
276 4225 330 4279 Cir.
347 4227 431 4278 ersu
448 4226 536 4277 BrIeie
555 4244 601 4279 aus
619 4229 685 4296 Aeg.
705 4245 727 4294 p.
741 4229 791 4278 272
811 4241 843 4278 ss.

233 4309 260 4370 4)
278 4310 330 4362 Cir.
349 4311 444 4364 ibidem
462 4313 562 4374 p.‘.’⁷6.
589 4381 590 4384 Ἴ
