3122 5002
629 279 701 341 Onu.
717 279 777 354 111,
797 299 823 342 v.
840 286 881 340 re.
1239 277 1309 349 119

207 475 339 542 pugnare
366 464 460 539 probe
486 462 705 539 perspexisset,
745 461 827 522 nullo
863 465 982 541 negotio
1020 463 1166 523 corrosit:
1198 459 1310 557 stippa,

206 567 237 642 3)
255 565 307 624 alii
324 564 429 624 deinde
446 583 602 643 perperam
621 563 730 647 collato
748 568 807 622 v.4
824 564 968 641 Assyrios
985 566 1052 632 ideo
1071 563 1219 642 appellari
1234 579 1310 626 mer·

206 674 322 724 catores
333 643 554 736 existimarunt,
566 663 638 742 quia
654 672 757 741 gentes
779 663 972 724 vendiderunt
993 664 1240 726 fornicationibus
1255 673 1310 738 ct.;

205 766 236 843 3)
253 773 422 842 postremo,
446 773 479 824 ut
501 765 577 826 alios
599 772 835 840 praetereamus,
860 762 1105 828 Sunssnrunrus¹
1123 763 1265 842 quoniam
1280 785 1309 824 v.

206 859 259 928 bru
276 865 423 925 interdum
441 873 486 924 est
503 865 670 941 explorare,
694 863 900 941 exploratores
923 865 1132 944 intelligendos
1149 865 1310 941 proponite

206 965 362 1038 „schickst
379 966 419 1025 du
435 966 509 1026 auch
527 966 604 1024 noch
617 985 651 1026 so
665 965 740 1026 vicle
752 949 975 1028 Kundsohetter
986 986 1058 1040 aus,
1076 985 1126 1026 um
1140 965 1188 1026 die
1199 962 1309 1027 Stdrke

205 1064 258 1124 der
275 1065 450 1124 leiudliohen
467 1065 566 1124 Heere
581 1085 620 1124 zu
636 1066 788 1139 eriabren,
806 1066 867 1125 und
884 1067 1000 1127 ‹lanach
1012 1067 1103 1127 ‘deine
1120 1065 1309 1144 Gegenwehr

203 1184 240 1224 ru
257 1167 434 1227 bereobnen:
468 1185 500 1226 es
523 1166 591 1226 hilft
613 1166 660 1226 dir
682 1167 796 1240 nicbts,
820 1167 873 1224 der
889 1167 983 1226 Feind
1008 1167 1104 1230 bricbt
1125 1167 1179 1226 aui
1200 1165 1309 1226 einmal

203 1265 249 1326 los
267 1265 326 1324 und
341 1267 460 1342 scbliigt
476 1267 542 1326 dein
557 1267 652 1344 leigcs
668 1267 749 1327 Heer
765 1266 901 1344 gandich
926 1269 1037 1331 zurick
1047 1272 1081 1341 ;“
1106 1283 1196 1344 quam
1218 1266 1307 1326 inter-

202 1366 399 1441 pretationem
416 1367 533 1442 longins
551 1368 656 1426 abesse
673 1387 691 1426 a
708 1367 854 1426 sententia
870 1368 964 1440 vatis,
989 1369 1054 1444 ipse
1071 1375 1224 1428 assecutus
1242 1384 1308 1429 esse

203 1466 336 1540 videtur,
354 1486 420 1526 cum
438 1467 539 1527 statim
557 1467 711 1540 adiiceret,
729 1467 819 1526 malle
835 1486 868 1526 sc
885 1476 984 1528 tamen
1000 1469 1098 1546 legere
1115 1462 1216 1552 stirp.

253 1567 296 1626 At
313 1584 384 1627 vero
402 1567 503 1628 omnia
519 1567 592 1628 bue'e
607 1567 822 1644 interpretandi
839 1575 869 1628 et
893 1569 1061 1645 corrigendi
1084 1549 1194 1646 genera
1218 1587 1307 1645 quam

204 1666 263 1728 sint
279 1667 393 1738 iutilia,
412 1667 499 1728 facile
515 1667 704 1744 intelligitur,
723 1668 774 1726 ubi
786 1676 974 1744 reputamus,
991 1670 1199 1728 commercium
1210 1671 1307 1749 Assy·

202 1766 316 1826 riorum
333 1768 437 1843 quanti
460 1769 499 1828 sit
520 1768 705 1842 habendum,
731 1769 847 1830 etiamsi
865 1777 996 1830 veterum
1013 1770 1140 1846 scripta,
1163 1769 1215 1830 diu
1236 1777 1307 1844 post

201 1885 336 1928 eversam
349 1866 461 1928 Ninum
483 1869 648 1945 composita
665 1869 732 1942 illa,
749 1869 929 1945 paucissima
946 1878 1061 1932 tantum
1078 1871 1109 1928 in
1126 1870 1184 1930 hoo
1199 1885 1307 1947 genere

202 1968 385 2034 tradiderint.
412 1968 668 2032 Considerandum
688 1978 734 2030 est
756 1969 848 2042 mim,
871 1969 984 2030 Ninum
1007 1971 1060 2042 „in
1085 1970 1194 2030 vertice
1220 1969 1307 2046 quasi

201 2068 303 2144 anguli
319 2069 448 2144 positam
465 2069 575 2144 fuisse,
592 2069 622 2127 in
640 2089 728 2147 quem
743 2070 853 2140 itinera
869 2078 899 2128 et
914 2070 1067 2130 meridiem
1080 2079 1109 2130 et
1123 2071 1305 2130 occidentem

200 2170 366 2245 spectantia
381 2170 597 2244 conveniunt,“
614 2187 723 2248 magna
739 2171 792 2230 illa
807 2171 930 2248 iuquam
945 2171 1053 2232 itinera
1060 2170 1080 2244 ²,
1104 2169 1213 2248 quibus
1229 2189 1305 2232 mer·

200 2287 249 2328 ces
266 2278 296 2328 et
312 2271 461 2332 exercitus
477 2289 532 2346 per
556 2271 730 2346 praecipuas
747 2271 840 2332 Asiae
861 2279 963 2348 partes
988 2271 1244 2341 conducebantur;
1269 2289 1306 2330 ac

199 2369 373 2444 praesertim
407 2371 459 2443 iis,
497 2370 548 2447 qui
586 2390 624 2428 ex
651 2370 728 2430 Asia
762 2370 877 2432 minore
911 2379 941 2430 et
969 2370 1132 2432 Phoenicia
1154 2369 1303 2448 Syriaque

199 2477 230 2530 et
246 2469 387 2546 Aegypto
404 2470 434 2530 iu
452 2470 588 2530 Pausiam
611 2479 641 2528 et
656 2469 786 2530 Mediam
812 2488 988 2546 omnemque
1004 2471 1111 2532 Asiam
1132 2470 1305 2530 interiorem

200 2570 373 2643 tendebant,
395 2569 509 2630 Ninum
535 2570 819 2642 commodissimum,
851 2591 888 2630 ne
911 2570 1006 2630 dicam
1030 2571 1147 2632 unicum
1169 2571 1301 2649 Tigridis

198 2671 372 2746 praebuisse
388 2670 575 2744 traiectum³3
598 2671 676 2732 unde
697 2671 778 2731 haud
794 2679 907 2734 temere.
920 2672 1121 2732 concludendo
1139 2671 1302 2744 coniicitur,

201 2772 331 2832 omnium
352 2771 470 2834 iliarum
493 2773 648 2850 regionum
670 2791 781 2832 merces
799 2779 828 2831 et
853 2773 1074 2832 manufacturas
1100 2771 1213 2832 Ninum
1236 2791 1304 2848 per-

200 2891 315 2932 measse
332 2893 426 2951 coque
443 2873 530 2951 quasi
546 2874 577 2932 in
594 2873 722 2933 medium
740 2873 887 2951 quendum
904 2867 1002 2932 locum
1015 2874 1107 2934 fuisso
1119 2870 1304 2950 congestas&

200 2971 268 3046 Quo
286 2973 361 3032 adde
378 2975 459 3053 qpod
476 2974 665 3034 celeberrima
681 2973 916 3051 Babyloniorum
935 2973 1143 3048 commercia⁵,
1162 2972 1305 3051 quamdiu

199 3072 323 3132 subiecti
347 3074 467 3133 fuerunt
489 3074 640 3151 Assyriis,
667 3074 706 3132 ad
726 3083 816 3150 caput
837 3075 922 3150 regni
946 3093 1128 3151 magnopere
1150 3074 1305 3135 debuerint

198 3172 352 3248 pertinere.
380 3172 448 3247 Qua
465 3193 502 3232 ex
521 3173 744 3249 opportunitate
761 3182 790 3232 et
805 3181 914 3232 natura
930 3172 1064 3232 locorum
1077 3192 1144 3234 cum
1161 3173 1235 3232 satis
1253 3191 1302 3232 co·

197 3272 285 3349 piosa
302 3273 497 3350 Assyriorum
521 3272 684 3350 negotiatio
708 3273 844 3332 videatur
865 3280 982 3348 patere,
1008 3292 1046 3332 ex
1069 3273 1233 3332 Ezechielis
1257 3273 1302 3332 in-

250 3550 275 3613 1)
293 3550 400 3602 Studien
418 3567 441 3601 u.
461 3550 580 3600 Kritiken
598 3551 677 3612 1835,
697 3549 708 3598 l
717 3586 727 3613 ,
745 3568 769 3616 p.
783 3551 831 3601 155
843 3565 876 3600 ss.

251 3637 277 3700 3)
295 3635 347 3687 Cir.
365 3637 490 3685 Hunnnnn
507 3635 587 3685 Ideen
605 3641 637 3685 ct.
657 3635 686 3696 I,
704 3635 733 3697 b,
752 3651 776 3700 p.
790 3635 839 3684 517
852 3647 886 3684 ss.
905 3633 995 3684 'ruem
1011 3647 1101 3684 comm.
1120 3636 1169 3685 sl.
1186 3651 1211 3700 p.
1221 3636 1254 3687 31
1267 3651 1299 3686 se.

196 3720 282 3772 dorsu
300 3721 411 3782 Assyria
428 3735 452 3783 p.
464 3721 513 3770 581
527 3735 561 3770 ss.

247 3805 275 3868 3)
291 3803 345 3854 Gir.
364 3804 444 3854 Tuon.
462 3805 479 3854 1.
491 3805 510 3860 l.
527 3821 552 3868 p·
564 3805 607 3856 33.
624 3804 666 3855 33.

175 3945 178 3954 ¹
246 3889 274 3951 4)
291 3886 417 3951 Quicquid
445 3889 561 3938 concludi
586 3888 647 3938 inde
673 3892 770 3951 potest,
799 3887 925 3936 uberrime
951 3887 1083 3952 proposuit
1105 3885 1213 3940 Gosstus
1240 3884 1257 3933 1.
1281 3885 1298 3936 l.

194 3982 220 4038 p.
233 3973 284 4024 590
296 3987 330 4024 ss.
347 3971 478 4022 Videntur
495 3973 600 4022 omniuo
617 3985 649 4022 ea
665 3971 813 4032 commoda,
831 3985 897 4034 quse
914 3978 1005 4036 postea
1021 3971 1054 4022 ad
1071 3976 1185 4022 nostram
1202 3979 1298 4018 memo·

197 4058 262 4107 riam
284 4069 363 4120 usque
381 4055 515 4106 Mossulss
536 4056 625 4105 incolis
649 4069 681 4104 ex
704 4055 809 4118 egregia
829 4055 880 4104 loci
902 4056 1091 4119 opportunitate
1113 4051 1298 4112 redundabunt,

196 4143 287 4192 omnia
302 4143 380 4192 stiam
398 4141 431 4190 ad
449 4141 545 4191 Ninum
563 4139 632 4190 baud
650 4147 745 4190 temore
762 4137 866 4209 referri;
883 4139 928 4188 cfr.
947 4139 1025 4188 Tuan.
1044 4139 1061 4189 l.
1074 4139 1091 4188 l.
1110 4151 1134 4201 p.
1146 4137 1187 4187 33.
1205 4135 1299 4187 Βητιιι

194 4225 335 4276 Erdkuude
348 4227 548 4290 XI,.p.180ss.
566 4227 615 4275 208
629 4240 662 4274 ss.

248 4309 273 4371 5)
290 4309 342 4360 Cir.
362 4311 484 4360 Hnsnsnn
501 4310 580 4360 Ideen
598 4316 629 4360 ct.
648 4310 675 4371 1,
694 4309 723 4371 b,
741 4323 764 4372 p.
779 4309 827 4358 las
838 4307 935 4356 -173,
