3122 5002
618 340 690 401 Onu.
705 341 751 413 lI,
770 361 797 399 v.
815 347 854 399 11.

685 595 713 635 v.
733 581 773 634 11.

234 728 369 788 Vomitus
387 736 413 784 et
430 729 616 784 evacuatione
632 728 802 793 exinanitum
821 728 965 783 etunimus
978 727 1157 801 liquefactus,
1174 735 1202 783 et
1214 730 1281 784 titu-

180 830 255 886 buu'o
271 847 403 902 peneum,
421 836 448 884 et
464 828 572 884 dolores
584 830 805 902 parturientium
823 829 853 882 in
870 827 993 884 omnibus
1010 827 1126 895 luerim
1151 835 1179 916 ct
1188 828 1281 901 foetes

179 933 300 986 omnium
318 947 412 986 eorum
430 915 587 1003 corripiunt
603 927 739 984 ruborem.
762 927 930 986 Praeclaris
953 926 1066 1000 verbis,
1089 928 1156 1004 ipso
1180 947 1281 986 eorum

179 1030 268 1088 etiam
298 1029 397 1088 sonitu
428 1028 604 1099 adiuvante,
641 1028 790 1105 quomodo
819 1029 890 1086 urbs
907 1027 996 1102 plane
1026 1036 1153 1088 exuatur
1176 1036 1205 1086 et
1230 1049 1281 1086 ex-

179 1130 319 1202 cutiatur,
345 1129 442 1206 primo
460 1147 563 1188 versus
581 1130 713 1187 membro
731 1113 879 1204 pingitur,
906 1128 988 1200 dein,
1012 1129 1083 1206 quid
1106 1129 1174 1187 victi
1192 1129 1281 1186 inter-

177 1232 248 1288 dum
267 1230 419 1307 patiantur
435 1229 551 1302 miseri,
577 1229 616 1286 ad
632 1228 732 1287 vivum
759 1229 943 1304 exprimitur.
970 1241 1085 1302 mptum
1108 1242 1187 1304 ripa:
1206 1249 1233 1288 a.
1251 1250 1288 1288 v.-

143 1349 146 1355 ·
180 1345 235 1405 pn:
256 1357 290 1382 =
319 1345 399 1406 ,ητις
421 1329 583 1405 praeterita
605 1347 671 1389 esse
693 1337 842 1406 nequeunt
866 1326 1050 1406 (Gnosius),
1076 1327 1145 1405 quia
1163 1348 1281 1389 sensum

179 1431 323 1490 referrent
338 1429 542 1503 transitivum
561 1429 621 1487 imo
643 1430 764 1488 nomiua
777 1437 860 1502 sunt,
878 1429 997 1488 diuersa
1018 1428 1132 1487 ratione
1153 1429 1282 1489 formata

179 1532 404 1609 adaugendam
434 1530 517 1589 verbi
549 1530 718 1603 notionem,
747 1531 800 1587 cfr.
826 1543 949 1594 naturus
973 1544 1046 1588 aaut
1069 1529 1160 1605 Zeph.
1184 1530 1214 1603 l,
1240 1535 1281 1603 15,

180 1647 291 1697 nouus
313 1647 388 1690 num
410 1629 464 1689 Ee.
481 1630 528 1704 Π,
548 1635 595 1703 14,
620 1646 705 1695 nonas
728 1645 821 1689 nosen
843 1628 900 1687 les.
917 1628 1043 1702 XXIX,
1061 1633 1087 1686 2.
1125 1630 1173 1689 De
1191 1634 1282 1692 verbo

180 1745 235 1807 pa:
254 1731 307 1789 cfr.
324 1751 353 1789 v.
372 1733 398 1788 3.
423 1726 528 1807 npbuu
546 1749 574 1788 a.
589 1751 618 1789 v.
637 1726 711 1805 p'm,
735 1730 920 1788 coniunctum
942 1747 1008 1788 cum
1026 1747 1202 1808 synonymo
1220 1747 1281 1808 pp:

179 1831 237 1889 Ies.
252 1817 369 1903 XXIV,
384 1835 414 1903 13
432 1831 529 1889 forma
542 1830 684 1890 (insumo
701 1839 746 1890 est
762 1840 840 1906 part.
860 1829 932 1901 Pu.;
955 1830 1063 1889 rectius
1080 1831 1195 1904 Meum,
1213 1832 1280 1890 Ew.

179 1931 320 2008 paritatis
336 1949 444 1990 caussa
460 1932 678 1991 substantivum
695 1949 760 1991 esse
778 1931 902 2003 docent,
920 1929 1028 2007 quibus
1044 1931 1156 1990 frustra
1173 1951 1281 2009 expro-

179 2035 248 2091 brat
264 2031 427 2105 Humum,
446 2033 583 2109 exempla
600 2033 661 2092 eius
679 2033 797 2105 deesse,
820 2049 886 2090 cum
902 2031 1090 2091 formationis
1107 2051 1200 2109 genus
1216 2034 1281 2109 pla-

179 2151 249 2190 num
266 2144 422 2211 ratumque
440 2133 487 2192 sit.
531 2132 727 2209 Singularitas
750 2141 848 2191 autem
871 2149 906 2190 eo
930 2151 986 2191 nos
1009 2132 1144 2206 adducit,
1168 2143 1201 2192 ut
1217 2133 1281 2194 Na-

179 2235 268 2291 humo
287 2235 446 2292 obversata
464 2253 529 2294 esse
545 2233 660 2293 Iesaiae
677 2235 769 2293 verba
786 2251 975 2304 censeamus,
993 2233 1110 2306 XXIV,
1131 2240 1161 2305 13
1186 2255 1282 2310 neque

179 2353 250 2392 vero
267 2334 386 2392 inversa
404 2334 524 2392 concedi
542 2334 619 2393 ratio
633 2342 747 2409 potest,
765 2352 831 2391 cum
850 2333 997 2390 continuis
1015 2332 1058 2390 ibi
1077 2335 1281 2393 assonantium

178 2435 336 2493 verborum
360 2433 483 2509 paribus
505 2451 666 2492 concussae
689 2453 743 2510 per
764 2433 873 2491 iudicia
898 2431 998 2489 divina
1020 2440 1116 2491 terrae
1142 2434 1282 2512 pingatur

179 2535 292 2610 fragor,
311 2542 415 2592 nostro
430 2541 527 2592 autem
541 2534 608 2592 loco
621 2533 739 2592 unicum
754 2533 921 2608 exemplum
939 2531 987 2590 sit.
1007 2531 1075 2606 Qua
1087 2535 1118 2591 in
1134 2534 1281 2596 vicissitu-

179 2635 248 2693 dine
264 2633 406 2693 eximium
422 2635 496 2694 latet
511 2635 681 2694 authentiae
698 2633 883 2693 versatissimi
898 2632 979 2690 illius
996 2633 1102 2709 capitis
1124 2635 1281 2694 documen-

179 2744 251 2794 tum.
270 2769 305 2778 -
330 2734 463 2795 Notasse
486 2743 584 2794 autem
607 2735 766 2809 voluerim,
793 2755 853 2794 non
876 2735 973 2792 forma
1003 2734 1099 2792 solum
1122 2736 1280 2794 verborum

179 2855 281 2894 uerum
298 2855 419 2894 numero
437 2837 526 2896 etiam
544 2837 727 2914 syllabarum
744 2835 888 2896 contueri
900 2834 1103 2911 gradationem
1117 2836 1256 2915 (2-3-4).

230 2935 280 2997 Sic
296 2937 462 3012 spoliantur
478 2936 608 3014 palatia,
637 2939 815 3014 diripiuntur
837 2936 984 3007 thesauri3
1008 2936 1079 3013 quid
1096 2946 1195 3021 autem
1211 2939 1283 2997 bea·

180 3047 227 3097 tos
249 3045 349 3096 manet
369 3038 502 3097 incolas?
526 3071 561 3082 -
588 3037 708 3096 Animus
732 3040 913 3113 liquefactus,
940 3051 999 3096 oua
1026 3045 1105 3112 part.
1129 3037 1198 3111 Ni,
1222 3055 1282 3096 non

178 3138 370 3213 praeteritum
389 3146 517 3213 ,propter
539 3139 694 3214 sequentia
715 3146 745 3196 et
768 3137 971 3195 antecedentia
978 3156 987 3207 3
1010 3151 1074 3196 000
1096 3163 1129 3190 =
1155 3155 1210 3200 ssu
1228 3139 1281 3197 cfr.

180 3238 211 3310 I,
229 3241 246 3296 5
251 3280 261 3307 ,
283 3237 319 3295 de
336 3257 404 3296 cera
420 3236 527 3296 dicitur
543 3237 594 3296 Ps.
612 3237 761 3309 LXVIII,
786 3238 822 3294 de
838 3236 989 3294 montibus
1006 3235 1063 3292 les.
1081 3237 1230 3310 XXXIV,
1248 3243 1281 3310 33
1303 3269 1308 3278 ·

180 3337 324 3398 translate
347 3339 383 3396 de
406 3357 539 3396 maerore
562 3345 591 3395 et
612 3337 718 3396 timore
741 3337 802 3396 Ios.
820 3335 894 3408 VH,
918 3339 935 3392 5
962 3349 1022 3399 mm
1045 3349 1109 3397 mut
1133 3331 1191 3400 :ab
1213 3353 1281 3403 onon

181 3433 280 3514 mrum
305 3440 358 3498 cfr.
376 3438 466 3497 Deut.
484 3438 564 3510 XX,
581 3441 613 3510 83
636 3437 693 3496 Ies.
711 3437 804 3508 XIII,
822 3441 847 3494 7.
865 3435 960 3507 XIX,
980 3438 992 3490 1
1012 3433 1079 3506 all.;
1107 3434 1216 3496 similia
1239 3438 1283 3496 di·

183 3538 267 3598 cendi
283 3557 391 3615 genera
406 3538 565 3616 proposuit
576 3538 715 3597 Bucurus
731 3537 810 3596 Bibl.
824 3535 1008 3596 Seelenlehre
1025 3554 1055 3610 p.
1071 3539 1128 3594 101.
1147 3533 1283 3597 Secundo

181 3639 249 3696 loco
274 3639 384 3715 captiui
401 3640 555 3716 patiuntur
593 3653 686 3700 manna
710 3654 761 3714 pru
790 3636 1008 3696 vacillationem
1031 3651 1156 3711 genuum
1175 3639 1283 3698 rectius

184 3781 384 3792 n————

184 3863 333 3926 coutaIned;
357 3864 469 3928 scarcely
487 3865 628 3930 anything,
651 3881 715 3916 eren
733 3868 763 3916 of
778 3867 886 3926 bronze,
911 3863 1018 3928 escaped
1042 3864 1085 3914 the
1108 3865 1216 3927 spoiler,
1239 3865 1285 3915 but

184 3949 217 3998 ho
234 3945 430 4012 uncousciously
450 3949 497 3997 left
514 3950 586 3999 what
607 3951 630 4000 ts
648 3951 700 4000 still
717 3965 788 4000 more
804 3949 929 3999 raluable.
963 3948 1060 3998 Forte
1083 3947 1126 3998 the
1149 3949 1240 4011 falling
1256 3949 1283 3997 in

184 4033 215 4084 of
235 4032 279 4082 the
301 4033 371 4082 roots
394 4034 424 4082 of
443 4033 486 4083 the
510 4033 651 4098 buildings,
674 4035 708 4098 by
729 4034 770 4082 his
794 4035 888 4096 settiug
909 4034 956 4084 lire
978 4039 1005 4082 to
1032 4033 1075 4082 the
1097 4033 1210 4082 columns
1233 4031 1285 4082 aad

184 4117 272 4167 beams
290 4115 346 4166 that
369 4117 506 4182 supported
529 4117 615 4180 them,
639 4119 690 4168 and
708 4119 747 4167 his
765 4117 918 4180 subsequam
935 4117 1092 4166 destruction
1109 4116 1139 4166 ot
1150 4115 1193 4167 the
1203 4115 1285 4177 walls,

184 4216 226 4250 wo
244 4215 288 4251 are
305 4201 429 4251 iudebted
447 4201 487 4252 lor
505 4200 548 4250 the
565 4202 762 4263 extraordinary
779 4202 956 4262 preservation
973 4202 1003 4249 of
1017 4200 1060 4250 the
1078 4201 1226 4262 sculpturas.
1253 4199 1285 4248 In

184 4283 254 4333 them
271 4299 312 4334 we
331 4300 431 4349 possess
454 4299 486 4335 an
510 4285 640 4338 authentIc
662 4290 857 4349 contemporary
880 4283 1078 4335 commentation
1107 4285 1137 4335 of
1161 4283 1204 4333 tbe
1227 4297 1284 4347 pro·

184 4367 287 4428 phecies
305 4369 369 4419 etc.“
