3126 5000
262 270 310 340 30
675 270 749 332 Car.
762 271 794 346 1,
813 289 841 332 v.
854 276 949 330 7-11.

314 459 345 536 2)
367 456 418 516 Ad
440 455 567 515 alteram
587 451 807 532 quaestionem,
834 456 955 534 quinam
983 455 1135 532 patiantur
1155 455 1366 530 summitatem,

262 558 382 637 plurimi
404 575 509 616 rursus
532 558 722 632 interpretes:
742 558 911 633 Assyrios,
933 555 1128 632 respondeum
1154 556 1277 634 reliqui,
1300 557 1367 616 Mu·-

262 675 411 730 nocuum,
438 657 741 729 T1r1NUS,.Mnaou.,
758 657 878 729 Maura,
895 656 1041 716 Humum.
1059 657 1154 732 probe
1171 657 1209 715 ad
1226 657 1367 716 lsraelem

263 761 410 830 referunt,
438 757 547 834 quibus
573 775 633 814 non
657 757 826 816 dubitamus
854 757 1000 817 assentiri.
1043 756 1122 816 Nam
1146 758 1179 835 a)
1197 757 1293 816 altera
1314 758 1369 818 illa

262 871 344 922 stare
366 859 487 917 omnino
512 858 618 936 nequit*
636 858 795 917 sententia:
833 857 916 930 „hac
935 857 1000 916 vice
1022 857 1065 916 ita
1090 875 1145 917 vos
1168 857 1282 934 affliget
1307 878 1368 918 una

264 963 357 1038 plaga
371 959 470 1031 Deus,
494 967 528 1016 ut
544 958 720 1034 repetitione
742 977 819 1035 opus
835 977 895 1018 nou
920 958 973 1030 sit,
998 977 1057 1017 una
1077 958 1168 1035 plaga
1184 978 1239 1018 vos
1257 959 1368 1035 planis·

264 1063 338 1122 sime
349 1059 574 1137 pessumdabit“
586 1057 819 1134 (Qursroarms,
829 1057 1353 1140 Femur.‚Umuu1r.,uw,H1rz.)
1358 1081 1367 1132 ;

263 1163 329 1235 vel,
352 1160 404 1219 ubi
420 1179 437 1218 c
453 1159 568 1219 Buurn
586 1159 732 1218 sententia
752 1159 902 1218 alludatur
922 1159 961 1218 ad
977 1159 1069 1218 lonae
1091 1159 1255 1219 orationes:
1286 1178 1368 1234 „nou

248 1255 369 1322 ¹iterum
386 1269 488 1338 surget
504 1260 703 1336 poenitentiae
720 1259 874 1336 augustia,
892 1278 969 1318 nunc
986 1268 1052 1320 ruet
1070 1259 1194 1318 exitium
1211 1260 1301 1338 (i)“;
1320 1260 1369 1320 vel

262 1365 402 1439 insuper,
428 1361 455 1420 si
477 1361 516 1419 ad
538 1360 668 1437 priorem
691 1360 791 1433 illam,
817 1359 1029 1437 quam‘aiunt,
1053 1361 1163 1420 iactam
1186 1361 1224 1419 ab
1249 1361 1368 1420 Arbace

262 1461 514 1540 expugnationem
529 1461 722 1537 respiciatur:
740 1480 778 1518 ex
796 1481 832 1520 ea
849 1461 967 1539 quidem
979 1461 1166 1537 respirastis,
1184 1480 1264 1520 nunc
1280 1461 1369 1538 plane

263 1561 492 1639 exstinguemini
507 1561 699 1639 (Kamisa).
740 1561 817 1620 Tale
833 1561 905 1639 quid
928 1562 1005 1620 enim
1026 1562 1134 1620 idoneo
1157 1563 1369 1622 sententiarum

263 1664 354 1724 nexui
370 1664 460 1741 plane
476 1662 657 1721 contrarium
674 1673 735 1734 est3
753 1682 842 1740 quam
856 1663 1006 1722 atrocibus
1019 1664 1059 1722 ab
1070 1663 1157 1722 initio
1171 1663 1271 1723 verbis
1282 1682 1368 1740 prae·

263 1766 393 1824 dicatum
420 1772 481 1837 est,
512 1763 663 1840 quomodo
686 1763 781 1824 iratus
803 1763 951 1822 Dominus
977 1762 1114 1824 inimicos
1139 1781 1210 1823 suos
1236 1763 1369 1822 funditus

261 1874 393 1938 evertat,
411 1898 446 1908 -
472 1872 501 1922 et
519 1883 608 1941 quam
626 1864 760 1940 languet,
784 1864 810 1923 si
827 1864 971 1924 dicentem
986 1883 1065 1923 nunc
1087 1863 1206 1923 feceris:
1237 1883 1298 1922 nou
1321 1864 1369 1924 bis

263 1967 295 2024 in
324 1965 523 2025 calamitatem
551 1963 680 2037 incides,
712 1965 764 2024 sed
791 1965 892 2024 statim
916 1972 945 2022 te
973 1964 1100 2024 delebit?
1144 1965 1179 2042 b)
1195 1964 1274 2023 Tum
1296 1984 1368 2023 vero

264 2065 442 2142 respiciendi
458 2070 544 2122 erunt
560 2084 589 2123 v.
605 2068 636 2122 12
654 2072 683 2122 et
706 2064 752 2137 Π,
773 2069 785 2122 l
794 2085 803 2136 ;
827 2064 878 2122 ubi
895 2083 961 2122 cum
976 2073 1080 2141 aperte
1095 2065 1274 2124 Iudaeorum
1290 2065 1369 2124 mla-

264 2167 383 2225 mitates
398 2167 439 2224 ab
460 2164 598 2240 Assyriis
622 2172 747 2240 paratae
764 2166 833 2222 'iam
858 2165 891 2224 in
914 2185 950 2222 eo
972 2185 1039 2226 esse
1068 2175 1101 2224 ut
1123 2165 1259 2225 desinant
1282 2185 1369 2242 prae·

265 2268 407 2340 dicentur,
424 2267 498 2325 haec
514 2283 634 2342 quoque
645 2266 738 2324 verba
754 2265 794 2324 ad
811 2266 933 2324 eandem
950 2266 1098 2344 exigenda
1115 2285 1250 2326 normam
1267 2274 1368 2340 erunt3

264 2368 390 2445 denique
407 2380 474 2424 nunt
494 2366 525 2423 in
541 2366 599 2424 hoc
615 2385 703 2426 versu
719 2365 833 2444 relegat
847 2367 979 2444 legentes
997 2367 1035 2428 ad
1053 2382 1120 2428 unx
1141 2386 1168 2428 v.
1182 2371 1215 2440 7,
1238 2387 1315 2446 quae
1332 2368 1370 2427 de

263 2468 376 2529 Israele
392 2465 520 2526 valebat.

315 2569 376 2627 Hic
397 2567 488 2645 igitur
507 2567 633 2626 idoneus
655 2568 812 2628 verborum
837 2586 942 2628 sensus
965 2575 1025 2628 est:
1063 2567 1135 2645 quid
1157 2587 1230 2641 vos,
1255 2569 1368 2642 ludaei,

265 2669 403 2746 cogitatis
421 2668 459 2726 de
475 2666 629 2726 Domino?
653 2668 794 2744 quidnam
810 2668 1043 2744 exspectandum
1059 2669 1098 2726 ab
1115 2686 1151 2726 eo
1169 2669 1369 2729 existimatis?

264 2770 415 2847 putatisne
431 2787 487 2826 vos
508 2768 569 2826 iam
586 2767 633 2825 ira
656 2786 711 2826 sua
732 2768 797 2828 fore
820 2768 1006 2830 exstinctos?
1033 2769 1200 2843 imovero,
1223 2770 1369 2848 Assyrios

264 2870 435 2944 exstinguet
450 2867 501 2924 ille
519 2876 614 2944 atque
626 2867 749 2928 delebit!
776 2889 813 2928 ne
830 2869 1007 2946 opinemini,
1030 2889 1096 2929 cum
1109 2889 1208 2946 nuper
1229 2870 1260 2930 in
1276 2889 1369 2948 angu-

265 2970 339 3030 stias
357 2977 387 3028 et
403 2967 580 3046 gravissima
602 2973 738 3044 tempora
758 2969 936 3044 incideritis,
959 2970 1056 3029 redire
1077 2971 1180 3028 eadem
1201 2973 1240 3032 ab
1262 2971 1370 3031 iisdem

265 3069 417 3140 hostibus3
447 3069 523 3142 imo,
547 3085 708 3147 numquam
730 3079 835 3129 contra
851 3089 906 3130 vos
927 3071 1046 3130 reducet
1066 3071 1188 3148 agmina
1212 3091 1281 3145 sua,
1303 3071 1370 3149 ipse

266 3170 423 3230 confestim
441 3169 498 3228 erit
514 3169 686 3230 devastatus
704 3179 734 3229 et
751 3171 915 3232 sublatuse
931 3171 1044 3230 medici
1068 3171 1153 3246 Quae
1165 3191 1231 3232 cum
1243 3171 1288 3232 its
1299 3171 1369 3246 sint,

265 3291 353 3346 omne
369 3269 501 3330 Nahumi
523 3269 694 3330 vaticinium
715 3271 796 3332 hisce
818 3272 917 3332 verbis
940 3273 1085 3332 contineri
1109 3281 1139 3330 et
1161 3273 1370 3350 comprehendi

266 3373 421 3450 videmus,
439 3370 547 3448 quibus
562 3371 671 3430 anxios
695 3379 725 3431 et
746 3371 890 3433 sollicitos
906 3373 1084 3433 ludaeorum
1100 3373 1216 3433 animos
1233 3373 1371 3433 consola-

265 3481 361 3546 retur,
380 3472 586 3547 desperatione
602 3471 730 3531 deiectos
748 3472 787 3530 ad
803 3491 887 3548 spem
904 3481 933 3532 et
950 3473 1157 3532 confidentiam
1173 3481 1335 3536 revocaret·

317 3573 381 3632 Iam
398 3591 485 3644 vero,
504 3572 531 3632 si
547 3571 586 3630 ad
601 3571 743 3632 lsraelem
758 3581 854 3632 totum
870 3573 1017 3649 respicere
1032 3592 1150 3634 versum
1166 3575 1370 3652 intelligimus,

266 3692 413 3750 quaenam
433 3671 487 3730 illa
503 3671 641 3747 angustia
658 3681 719 3745 est,
742 3692 819 3750 quae
842 3673 933 3733 semel
950 3674 1068 3750 quidem
1089 3675 1200 3750 pressit
1214 3675 1371 3753 populum,

267 3791 321 3830 nec
344 3771 511 3847 repetetur?
553 3769 625 3830 Nou
648 3790 738 3848 posse
758 3773 817 3834 nisi
837 3773 1050 3844 deSanheribi
1070 3773 1103 3832 in
1127 3784 1237 3834 terram
1254 3795 1371 3834 sacram

266 3873 432 3948 irruptione
448 3871 590 3956 cogitari,
609 3881 687 3931 recte
703 3873 778 3933 vidit
787 3874 976 3946 Mauuuaus3
993 3875 1130 3952 idemque
1147 3876 1208 3933 fere
1225 3877 1371 3934 hebraeus

268 3973 451 4032 Hunnorum
473 3971 629 4048 magister:
655 3993 743 4046 „non
770 3975 867 4032 madet
890 3975 976 4035 vobis
998 3975 1102 4034 Iudam
1126 3983 1155 4034 et
1171 3975 1370 4048 Hierusalem,

269 4073 346 4132 sicut
361 4072 484 4132 tradidit
500 4070 586 4131 vobis
604 4073 703 4133 decem
726 4075 820 4135 tribus
843 4083 872 4134 et
889 4074 1096 4148 Samariam;“
1120 4076 1264 4136 eiusmodi
1280 4075 1373 4153 igitur

268 4173 488 4234 tribulationem
504 4193 564 4232 non
580 4173 685 4236 iterum
703 4176 846 4236 adversus
857 4176 985 4237 Iudaeos
1003 4173 1181 4256 consurgere
1194 4177 1264 4236 dicit
1276 4185 1371 4248 vates,

267 4293 469 4353 necunquam
486 4275 680 4350 Assyriorum
702 4263 792 4335 etiam
809 4278 956 4338 exercitus
973 4287 1042 4338 ante
1060 4287 1164 4354 portas
1181 4279 1262 4338 urbis
1280 4277 1373 4336 collo-
