3124 4988
571 1167 771 1238 cfflt'r
799 1169 879 1237 111.

475 1319 529 1382 Dll
554 1320 771 1385 VATlClNlO
800 1320 971 1384 NAHUMl.

675 1490 775 1498 —.-—

373 1661 399 1735 ᾖ.
419 1665 443 1717 6.
470 1673 599 1724 BREVIS
617 1674 834 1725 ARGUMENTI
854 1674 1074 1726 PROPOSITIO.

174 1805 334 1901 Quoniam
358 1833 588 1909 explicavimus,
621 1835 783 1896 cuiusmodi
806 1835 896 1894 fuerit
918 1854 1015 1894 rerum
1039 1835 1225 1894 Iudaicarum
1249 1843 1277 1894 at

173 1933 366 2010 Assyriarum
386 1934 532 2007 conditio,
551 1935 696 2012 adquam
715 1936 791 1994 vetis
809 1936 936 2011 pertinet
953 1936 1067 2008 oratio,
1086 1937 1190 2011 paucis
1216 1936 1276 1994 iam

173 2042 377 2109 argumentum
395 2035 456 2094 eius
474 2035 590 2094 videtur
605 2035 862 2112 perstringendum
881 2055 954 2095 esse.
979 2036 1015 2094 Id
1033 2037 1115 2113 quod
1139 2036 1228 2094 facile
1243 2037 1275 2094 in

172 2143 232 2193 tres
251 2134 425 2193 describitur
441 2143 558 2212 partes,
577 2137 695 2195 easdem
711 2137 797 2210 illas,
817 2157 892 2214 quas
910 2136 1041 2213 capitum
1059 2137 1205 2196 divisione
1223 2155 1276 2194 no·

171 2243 250 2294 tatas
275 2254 294 2292 a
316 2236 452 2310 patribus
477 2235 657 2312 accepimus3
687 2254 763 2312 quae
786 2237 828 2296 ita
850 2238 928 2295 inter
954 2256 986 2295 se
1012 2237 1213 2308 continentur,
1245 2245 1277 2293 ut

173 2335 269 2410 primo
294 2335 391 2410 capite
414 2335 568 2394 universae
593 2335 693 2393 iudicii
716 2336 753 2394 de
769 2335 851 2394 Nino
870 2337 1052 2412 exsequendi
1069 2342 1277 2411 proponantur

174 2434 317 2506 rationes,
345 2434 438 2492 altero
456 2443 553 2492 autem
569 2435 664 2511 ipsius
683 2436 845 2494 eversionis
863 2435 1024 2493 delineetur
1047 2436 1163 2511 image,
1187 2435 1275 2493 tertio

174 2533 300 2611 denique
311 2553 434 2593 caussae
447 2534 555 2592 excidii
567 2544 597 2593 et
606 2535 750 2593 certitudo
763 2543 793 2592 et
806 2535 978 2612 magnitudo
990 2535 1183 2611 explicentur.

223 2636 270 2692 Ac
291 2635 418 2710 primum
444 2635 577 2712 quidem,
607 2635 749 2712 quoniam
775 2653 861 2692 omne
882 2636 1094 2711 prophetarum
1124 2653 1276 2693 sacrorum

106 2749 110 2754 ·
174 2753 279 2794 munus
302 2735 332 2793 in
358 2735 422 2812 lege
443 2744 579 2796 versatur
604 2736 781 2811 explicanda
808 2745 899 2813 atqua
920 2735 1112 2807 inculcanda,
1143 2743 1227 2794 vates
1258 2753 1277 2792 a

174 2855 289 2894 summa
304 2835 397 2912 legis,
421 2837 484 2894 zelo
502 2837 625 2895 Domini
642 2845 671 2894 et
689 2837 807 2914 energia
816 2836 834 2910 ¹,
859 2837 1010 2912 profectus
1035 2853 1065 2893 v.
1079 2840 1111 2908 2,
1129 2838 1188 2907 3a,
1213 2834 1277 2892 uni·

174 2955 289 2995 versam
306 2935 407 2994 iudicii
424 2937 516 2996 divini
533 2946 686 3009 naturam,
710 2946 739 2995 et
763 2937 834 3012 quid
857 2938 895 2996 ab
921 2955 955 2994 eo
980 2937 1115 2994 homines
1132 2942 1162 2993 et
1178 2953 1276 2992 rerum

173 3044 280 3094 natura
314 3037 432 3094 omnino
467 3037 633 3113 patiantur,
677 3037 909 3096 luculentissime
941 3037 1069 3113 imagine
1104 3035 1277 3110 perstringit

174 3157 201 3194 v.
216 3137 258 3194 3b
270 3141 330 3208 -63
349 3145 427 3209 tum,
445 3137 517 3214 quid
534 3137 602 3195 inde
619 3143 736 3195 maneat
753 3137 836 3212 regni
853 3131 946 3194 divini
964 3136 1061 3208 cives,
1086 3134 1157 3210 quid
1174 3135 1276 3192 hostes

174 3237 253 3308 eius,
279 3235 397 3295 uberius
414 3237 501 3294 docet
518 3256 546 3295 v.
561 3241 577 3292 'l
587 3242 666 3293 -112
691 3235 838 3294 Dominus
856 3235 948 3306 enim,
972 3235 1024 3310 qui
1045 3234 1202 3309 zelotypus
1219 3241 1274 3304 est,

173 3337 251 3394 idem
275 3337 373 3396 bonus
396 3347 455 3408 est,
480 3344 570 3412 atque
596 3336 669 3394 adeo
687 3335 815 3393 Iudaeos
838 3334 1057 3410 etquicunque
1080 3350 1164 3392 suam
1186 3331 1217 3388 in
1240 3349 1276 3390 eo

173 3436 310 3496 fiduciam
328 3438 474 3495 collocare
491 3436 602 3509 velent,
626 3454 678 3495 eos
696 3436 734 3494 ab
752 3435 981 3510 oppressoribus
1005 3433 1150 3504 vindicat3
1173 3433 1275 3490 hostes

175 3545 271 3596 autem
289 3557 392 3597 omnes
409 3537 596 3615 maximeque
613 3536 774 3613 Assyrios,
800 3535 933 3593 funditus
952 3534 1064 3592 evertit.
1092 3534 1199 3609 Itaque
1217 3541 1276 3589 sta-

176 3644 271 3694 tutum
293 3637 340 3695 dei
363 3638 517 3697 consilium
541 3638 577 3695 da
600 3636 825 3712 exstinguendis
848 3634 983 3711 Assyriis
1012 3641 1041 3691 et
1062 3632 1174 3692 Israele
1204 3631 1277 3690 libe-

176 3736 269 3794 randa
285 3737 369 3793 brevi
387 3739 532 3796 sententia
548 3738 715 3796 declaratur
732 3757 761 3794 v.
779 3740 839 3792 12-
850 3740 890 3792 14.

226 3835 288 3893 Vix
307 3845 403 3894 autem
422 3837 573 3896 enuntiato
590 3836 712 3896 Domini
729 3837 831 3908 iussu,
849 3833 1005 3894 confestim
1023 3832 1173 3892 tremenda
1191 3831 1279 3890 simul

176 3944 206 3995 et
227 3935 367 3994 laetanda
391 3935 504 4012 species
529 3936 626 3994 animo
651 3937 714 3995 eius
738 3944 828 4011 atque
850 3935 943 3993 oculis
967 3933 1099 3991 offertur.
1136 3931 1279 3989 Exercitu

176 4037 254 4096 enim
270 4037 423 4112 praeclaro
441 4056 460 4093 a
473 4034 604 4093 Domino
622 4037 660 4094 ad
677 4035 883 4094 vindicandam
901 4033 1022 4092 Israelis
1035 4032 1209 4108 dignitatem
1226 4048 1279 4086 ex-

176 4137 266 4195 citato
284 4137 397 4218 cap.·H‚
412 4155 439 4195 r.
455 4139 539 4206 1-5‚
565 4134 678 4195 Ninum
702 4135 867 4209 expugnari
891 4133 1034 4207 primum,
1059 4129 1163 4187 deinde
1185 4127 1279 4186 homi-

230 4364 255 4427 1)
272 4362 325 4412 cn.
343 4362 426 4412 uxos.
444 4361 511 4422 xrs,
531 4360 554 4410 5.
583 4360 658 4409 nent.
676 4359 706 4419 v,
724 4359 748 4407 s.
1042 4434 1059 4469 v
