3126 5000
609 351 682 411 Cae.
697 353 741 426 II,
760 373 789 411 v.
803 360 828 411 6.
1227 349 1273 418 65

170 534 263 611 exigit
280 535 391 595 omisso
409 536 543 596 relativo.
570 535 704 595 Eritavit
722 537 778 594 hoc
792 536 893 596 vitium
911 535 1130 612 quodammodo
1141 536 1275 598 Kstms-

170 651 258 694 nrus:
278 655 365 708 „cum
383 638 508 714 exiguus
526 638 647 695 heroum
664 656 802 696 numerus
821 657 858 695 ex
867 637 1060 714 Assyriorum
1078 640 1209 698 exercitu
1226 657 1275 698 su·

126 811 131 818 ,
170 735 279 811 persit,
304 755 358 794 rex
377 756 445 811 eos,
472 738 522 814 qui
541 746 712 813 supersunt,
737 738 769 794 in
786 738 888 796 urbem
905 737 1035 813 recipere
1052 740 1220 812 constituit,
1243 749 1277 798 at

171 837 222 896 isti
239 837 367 895 titubant
384 841 458 910 ct.“;
476 838 579 896 incidit
596 845 692 896 tamen
709 837 739 895 in
756 838 850 896 aliud:
874 857 934 896 non
952 837 1030 896 enim
1047 839 1083 896 de
1100 856 1205 900 protus
1223 841 1276 900 sed

170 938 207 995 de
237 955 340 1000 :tusus
368 938 482 996 dicitnr.
521 937 611 996 LXX
635 939 712 996 mele
737 927 991 1018 μνησθήσονται
1019 929 1051 999 οἱ
1081 935 1276 1020 μεγιστᾶνες

170 1025 282 1097 αὐτοῦ.
300 1071 336 1080 -
363 1041 405 1096 At
422 1057 490 1115 spes
508 1046 538 1098 et
553 1038 661 1097 fiducia
677 1039 755 1114 regis
772 1037 889 1114 egregie
912 1039 1039 1098 fallitur:
1064 1043 1221 1116 impinguat
1245 1047 1275 1100 ιό

169 1140 314 1198 tumultus
329 1142 394 1196 auia
420 1133 529 1204 nissen
547 1138 656 1215 plurali
669 1159 785 1216 semper
802 1157 924 1197 numero
942 1147 1106 1213 exaratum,
1125 1161 1162 1200 ex
1180 1143 1275 1201 infini-

169 1240 232 1298 tivo
255 1260 284 1298 v.
306 1232 365 1313 ubst
392 1240 552 1298 formatum
574 1247 660 1297 notat
681 1240 845 1312 incessum,
870 1239 997 1318 indeque
1018 1240 1065 1298 vel
1085 1259 1190 1318 agmen
1213 1243 1275 1303 sive

169 1358 309 1416 pompam
330 1339 382 1398 Pe.
393 1339 540 1417 LXVIII,
558 1339 770 1412 253Hab2111,
790 1345 820 1411 63
838 1339 902 1398 Iob.
915 1340 976 1413 Vl,
992 1345 1034 1414 17,
1056 1341 1171 1417 tropice
1182 1344 1274 1402 Pror.

170 1441 292 1514 XXXI,
311 1444 358 1512 273
391 1440 453 1512 vel,
476 1440 519 1498 uti
546 1448 648 1499 nostro
676 1440 760 1513 loco,
783 1440 882 1516 ipsum
902 1440 1054 1500 incedendi
1074 1450 1181 1502 actum.
1218 1443 1275 1502 Ni·

170 1542 212 1599 hil
237 1551 300 1600 erat
322 1549 438 1612 autem,
464 1541 545 1616 quod
562 1541 750 1599 Masoretbae
772 1540 951 1620 singularem
974 1541 1126 1618 exigerent
1148 1544 1275 1603 formam

168 1635 322 1729 ῡῳτὴιζιξ,
345 1660 398 1698 nec
416 1641 496 1716 quod
513 1641 678 1699 H1rz1e1us
701 1641 870 1700 femininam
892 1643 1020 1717 speciem
1036 1661 1091 1717 pro
1113 1645 1276 1704 masculina

169 1721 298 1817 positam
316 1740 492 1812 affirmaret,
519 1741 609 1800 semel
624 1740 707 1798 illam
727 1749 874 1817 repertam
891 1741 955 1799 Iob.
970 1741 1094 1814 XXIX,
1113 1747 1138 1801 6.
1172 1744 1275 1802 Offen-

169 1842 239 1898 dere
264 1840 389 1914 pedibus
412 1841 536 1899 cadendi
554 1841 640 1902 sicuti
661 1841 796 1915 initium,
821 1842 864 1900 ita
887 1842 1074 1918 praesagium
1098 1852 1158 1916 est3
1183 1863 1275 1921 qnare

169 1940 336 2016 ubicunque
353 1941 462 2018 legitur
474 1961 502 1999 v.
516 1937 594 2015 buno,
613 1960 728 2018 semper
745 1943 807 2000 iere
824 1943 956 2018 sequitur
966 1942 1013 2001 vel
1026 1937 1078 2004 but
1090 1943 1145 2004 les.
1153 1944 1274 2020 XXXI,

168 2045 201 2113 3;
219 2041 275 2098 Ier.
289 2040 325 2114 L,
342 2045 391 2113 323
408 2041 460 2100 Ps.
472 2041 608 2114 XXVII,
626 2047 643 2099 2
661 2042 721 2117 all,
739 2042 787 2102 rel
804 2060 865 2103 una
882 2042 933 2102 Pe.
947 2043 1004 2116 IX,
1021 2048 1048 2102 4.

218 2142 383 2216 Properaot
394 2144 435 2199 od
444 2161 553 2200 murum
566 2147 639 2212 etue,
656 2159 758 2204 unuln
781 2158 885 2214 eunom
903 2145 1044 2203 suffixum
1054 2144 1151 2206 femin.
1169 2165 1188 2204 a
1201 2165 1277 2204 non·

169 2241 258 2300 nullis
275 2243 417 2302 omissum
434 2243 471 2300 ad
483 2242 595 2301 Niuum
612 2244 797 2302 referendum
810 2251 869 2314 est3
887 2244 1032 2304 fluctuant
1044 2254 1158 2319 autem,
1176 2255 1274 2305 utrum

169 2342 206 2400 de
222 2343 358 2418 Assyriis
368 2343 441 2400 haec
459 2342 594 2401 dicantur
610 2363 648 2401 an
660 2344 696 2401 de
712 2344 823 2419 impetu
841 2344 879 2400 ab
897 2345 1033 2402 hostibus
1046 2345 1126 2404 facto
1144 2345 1272 2421 (Maura,

168 2442 337 2519 Hostum).
371 2441 506 2501 Graecae
523 2443 669 2502 versionis
696 2452 799 2501 auctor
816 2441 962 2502 audiendo
980 2444 1119 2504 nimirum
1142 2446 1271 2505 confudit

168 2559 251 2607 nunu
281 2562 346 2600 cum
369 2557 433 2606 nu:
462 2535 520 2601 καὶ
541 2531 719 2622 φεύξονται
741 2531 867 2622 ἡμέρας
893 2536 950 2602 καὶ
972 2530 1219 2626 ἄσθενήσουσιν
1240 2537 1273 2604 ἒν

169 2637 211 2724 τῇ
232 2637 366 2726 πορείᾳ.
399 2643 940 2721 RespiciuntautemverbaAssyrios3
955 2663 1022 2702 narn
1039 2645 1075 2702 de
1083 2644 1178 2704 Medis
1185 2644 1274 2718 dicta,

170 2763 296 2820 quorum
313 2745 440 2820 impetus
459 2745 611 2822 magnifice
629 2743 792 2821 descriptus
810 2753 874 2804 erat
890 2765 918 2803 v.
929 2750 957 2804 4.
969 2748 1002 2818 5,
1026 2745 1099 2804 haec
1117 2753 1195 2804 certe
1212 2763 1274 2804 vox

169 2845 309 2921 languere
326 2846 458 2918 videtur3
482 2865 532 2918 ac,
556 2846 581 2904 si
604 2845 642 2904 de
663 2846 843 2922 oppugnatis
859 2846 954 2919 valet,
981 2847 1097 2924 egregie
1113 2846 1274 2923 opponitur

170 2946 332 3005 enuntiatio
349 2947 464 3006 acerbis
486 2947 546 3005 illis
568 2946 844 3023 compellationibus
861 2967 890 3006 v.
905 2951 938 3020 2,
962 2954 992 3006 et
1008 2948 1160 3023 praeclare
1176 2947 1274 3023 sequi·

170 3054 233 3118 tur,
265 3047 407 3123 quidnam
436 3067 452 3105 e
478 3065 562 3105 muro
587 3047 784 3122 conspiciant:
810 3060 985 3122 asbestum
1014 3057 1041 3105 et
1062 3051 1213 3106 constituta
1234 3041 1276 3105 'eat

170 3148 293 3204 testudo:
322 3164 413 3212 aanor
431 3147 626 3221 personaliter
643 3147 752 3204 dictum
776 3154 838 3218 est,
865 3145 1104 3218 impersonaliter
1123 3161 1207 3224 turm
1222 3146 1275 3204 illa

169 3247 350 3322 imperfecti,
375 3248 448 3304 haee
465 3246 616 3322 praeteriti
634 3247 747 3321 speeies
764 3255 817 3304 est.
848 3259 925 3318 ³:120,
947 3246 1000 3304 cfr.
1019 3261 1098 3320 aum,
1119 3260 1191 3322 aba,
1212 3261 1276 3321 utu,

170 3365 230 3404 non
249 3356 294 3406 est
310 3347 369 3406 nisi
386 3355 484 3424 tegere
497 3347 595 3404 Exod.
607 3346 675 3418 XL,
689 3351 720 3417 33
740 3345 837 3421 lReg.
845 3345 930 3417 VIII,
947 3349 963 3402 t
981 3345 1031 3403 all.
1040 3365 1049 3416 ;
1067 3344 1184 3404 (lesan.
1201 3347 1274 3406 thes.

172 3467 198 3506 a
212 3468 239 3506 v.
257 3448 430 3524 primariam
449 3447 598 3505 notionem
621 3447 708 3505 affert
731 3445 866 3518 texendi,
890 3463 948 3504 sec.
966 3445 1018 3504 Pe.
1031 3443 1213 3518 CXXXIX,
1232 3450 1274 3519 13,

172 3548 223 3605 ubi
245 3549 333 3625 longe
351 3549 449 3625 aptior
472 3556 517 3608 est
535 3547 650 3624 tegendi
670 3555 821 3623 potestas,
847 3545 884 3604 cf.
902 3545 1100 3604 Hauosrnun.
1117 3564 1144 3603 a.
1157 3545 1186 3602 h.
1197 3546 1228 3619 l.,
1246 3554 1276 3606 et

172 3647 238 3705 Iob.
252 3649 296 3720 X,
313 3653 343 3705 ll
359 3649 412 3714 ubi
428 3649 494 3708 Picl
512 3669 538 3707 v.
560 3654 622 3722 aab>
645 3649 785 3720 habetur,
803 3647 839 3704 de
857 3665 916 3723 quo
935 3647 987 3704 cfr.
1002 3643 1276 3706 Scenorrnmnnn

174 3767 201 3804 a.
217 3748 246 3804 h.
260 3747 280 3804 l.
313 3747 431 3806 Nomen
448 3769 464 3806 e
480 3750 637 3826 participio
656 3749 819 3808 derivatum
842 3747 915 3804 illud
941 3747 1024 3805 unice
1040 3747 1098 3805 boc
1114 3746 1180 3806 loco
1203 3748 1276 3825 legi-

173 3856 237 3919 tur;
262 3847 428 3923 significare
440 3856 540 3924 potest
554 3850 601 3922 id,
625 3850 705 3927 quod
724 3859 777 3908 aut
788 3855 997 3924 oppugnatos
1016 3854 1068 3906 aut
1080 3839 1276 3924 ¹oppugnan-

175 3957 230 4022 tes
248 3942 338 4024 tegat.
367 3951 396 4026 1)
414 3948 529 4022 Quibus
546 3950 619 4007 illud
635 3950 761 4026 placuit,
780 3949 919 4008 differunt
935 3965 1038 4006 rursus
1055 3967 1106 4020 eo,
1125 3948 1205 4024 qnod
1223 3949 1277 4006 mi-

173 4049 241 4108 lites
259 4049 326 4121 alii,
345 4049 396 4108 alii
414 4049 565 4108 machinae
581 4049 758 4126 intelligunt.
784 4049 817 4126 a)
833 4047 922 4106 LXX
940 4047 1017 4105 enim
1030 4047 1170 4106 exhibent
1191 4065 1277 4126 προ-

175 4139 344 4229 φύλακας,
369 4149 562 4227 sequentibus
587 4147 883 4222 Ew.,Hn·z.,0011.
907 4163 982 4212 :nte
1003 4145 1182 4223 praesidium
1202 4149 1277 4206 mili-

176 4258 239 4310 tare
255 4252 356 4310 Ierem.
370 4251 426 4323 LI,
447 4254 495 4322 123
518 4258 550 4308 at
572 4266 648 4314 :nus
670 4249 818 4326 significat
840 4247 965 4306 militum
983 4248 1099 4305 turbam
1115 4249 1278 4308 ininsidiis
1335 4255 1339 4266 '

86 4352 92 4356 “
175 4350 313 4410 latentem
327 4353 409 4410 ludd.
424 4351 496 4424 XX,
509 4354 551 4408 33.
563 4355 611 4423 37;
633 4369 669 4409 ac
685 4351 710 4410 si
729 4351 766 4408 de
779 4346 913 4426 Assyriis
930 4347 1057 4419 valeret,
1075 4348 1278 4427 imperfectum

1062 4457 1077 4506 5
