3122 5002
550 353 553 358 ·
678 323 751 384 Car.
765 325 826 396 lll,
844 339 873 382 v.
887 329 985 382 8-13.

705 651 749 722 B.
790 673 825 720 v.
844 651 967 721 8-13.

334 811 399 868 lan
416 827 489 867 vero
505 828 543 866 ne
559 805 658 866 Ninus
673 806 897 883 opportunitate
913 807 990 866 situs
1005 815 1036 866 et
1051 807 1161 883 opilius
1176 807 1290 866 cladem
1304 806 1388 864 illam

284 912 328 987 (v.
347 911 430 987 1-3)
447 919 477 968 et
492 907 685 986 ignominiam
702 907 843 984 (ut-l)
867 923 958 982 posse
979 915 1114 966 avertere
1134 908 1285 979 videatur,
1309 907 1387 964 Tlre·

284 1011 389 1068 barum
411 1009 535 1068 affertur
556 1008 742 1083 amplum,
766 1007 890 1082 quilius,
913 1007 957 1065 uti
978 1007 1185 1084 praesagiente
1207 1008 1307 1065 animo
1324 1008 1389 1066 lore

285 1110 448 1186 aliquando
465 1110 539 1167 vidit
555 1118 655 1180 vates,
678 1126 733 1166 nec
753 1107 886 1164 locorum
908 1107 999 1182 longe
1019 1107 1222 1184 praestantior
1244 1115 1388 1183 opportu-

284 1211 364 1268 nitas
386 1217 416 1268 et
435 1209 589 1267 firmitudo
605 1213 666 1266 v.8
683 1227 737 1265 nec
751 1208 857 1284 ingens
877 1207 1030 1284 copiarum
1054 1207 1213 1266 multitudo
1230 1227 1260 1267 v.
1278 1212 1295 1264 9
1316 1226 1389 1283 pro-

284 1311 356 1382 luit,
380 1311 451 1387 quin
474 1317 629 1385 caperetur
652 1319 683 1366 et
702 1307 819 1366 incolae
843 1307 908 1366 eins
923 1308 955 1364 in
972 1307 1176 1383 eaptivitatm
1194 1315 1224 1366 et
1239 1307 1389 1366 miseriam

285 1412 500 1470 abducerentur
512 1430 540 1466 v.
554 1415 596 1467 10.
621 1408 714 1468 Haud
729 1408 790 1466 alia
806 1408 879 1479 erit,
894 1407 927 1466 in
944 1427 1034 1484 qnam
1051 1407 1149 1466 Ninus
1164 1407 1291 1479 incidet,
1309 1408 1389 1466 cala-

285 1511 374 1570 mitas
391 1529 418 1568 v.
433 1515 482 1580 1¹3
507 1509 608 1568 omnia
628 1510 697 1567 loca
713 1508 827 1566 munita
850 1507 933 1566 nullo
950 1508 1012 1566 lere
1028 1508 1149 1584 negotio
1166 1508 1390 1583 occupabuntur

285 1630 314 1668 v.
328 1615 375 1683 12,
400 1619 431 1668 et
455 1610 530 1668 lines
553 1609 656 1685 elapso
672 1608 856 1668 fortissimae
880 1608 953 1667 olim
969 1607 1066 1685 gentis
1088 1607 1187 1666 animo
1212 1607 1326 1684 aperti,
1348 1609 1388 1667 ab

285 1709 422 1770 hostibus
438 1711 606 1786 capientur,
624 1728 652 1768 v.
668 1711 709 1768 13.

737 1979 767 2017 a.
792 1980 821 2018 v.
835 1963 932 2017 8-10.

336 2107 425 2166 Prius
442 2126 532 2184 quam
546 2109 585 2166 ad
598 2107 806 2184 explicandam
819 2108 896 2166 hanc
908 2107 1080 2184 pericopam
1091 2107 1282 2180 accedamus,
1299 2127 1390 2186 quae·

284 2205 409 2266 rendum
425 2216 490 2281 est,
509 2208 629 2285 quando
646 2209 829 2284 expugnatio
845 2208 899 2266 illa
915 2207 1102 2280 Thebarum,
1123 2209 1160 2266 dc
1176 2227 1238 2285 qua
1252 2209 1389 2285 legimus,

285 2317 316 2366 et
332 2327 352 2365 a
369 2325 430 2385 quo
446 2307 565 2366 tandem
582 2309 663 2367 heta
679 2308 800 2366 omnino
817 2327 882 2368 esse
898 2309 1054 2366 videatur?
1080 2307 1161 2368 Satis
1183 2308 1318 2368 diversae
1342 2309 1389 2366 in·

285 2416 449 2483 terpretum
465 2409 503 2466 de
519 2409 576 2467 hac
587 2408 761 2486 quaestione
773 2409 935 2467 extiterunt
948 2408 1128 2480 sententiae,
1146 2429 1163 2466 a
1180 2409 1305 2485 quibus,
1323 2427 1390 2467 cum

285 2508 409 2584 longum
426 2508 480 2581 sit,
498 2529 669 2568 enumerare
686 2509 725 2567 ad
741 2529 831 2567 unam
846 2527 964 2580 omnes,
981 2509 1174 2584 grauiam
1189 2508 1326 2585 deinceps
1342 2529 1390 2567 re·

285 2607 480 2668 censebimus.
507 2608 575 2682 Quo
599 2613 680 2668 facto
696 2609 762 2668 lieri
789 2629 849 2668 non
871 2627 963 2685 poseo
984 2607 1199 2684 intelligemus,
1222 2618 1256 2667 ut
1278 2609 1389 2668 factum

287 2708 410 2784 aliquod
435 2709 627 2783 praeteritum
648 2709 757 2784 respici
781 2718 963 2781 statuamus,
987 2708 1057 2766 licat
1078 2709 1169 2784 longe
1189 2709 1324 2784 plurimis
1344 2711 1390 2768 ita

287 2808 448 2882 placuerit,
470 2827 526 2866 nec
540 2809 638 2884 prima
654 2810 811 2867 verborum
829 2810 943 2886 species
960 2809 1020 2866 tale
1036 2808 1109 2884 qnid
1125 2827 1187 2866 non
1204 2809 1328 2869 suadere
1344 2809 1390 2869 vi-

287 2905 406 2978 deatur,
423 2907 484 2964 imo
501 2907 667 2966 futuram
685 2908 835 2984 quandam
851 2909 966 2967 cladem
982 2907 1193 2986 praenuntiari.

339 3009 385 3064 Ac
401 3005 528 3082 primum
546 3007 681 3083 quidem,
706 3007 732 3066 ei
757 3009 788 3065 in
806 3009 875 3085 ipsa
890 3009 968 3068 vatis
983 3009 1169 3085 inquiramus
1185 3009 1295 3081 verba,
1318 3027 1389 3067 num

287 3106 418 3184 aliquam
436 3107 626 3183 suppeditent
642 3108 705 3168 eius
721 3109 819 3184 gentis
840 3109 1065 3185 cogitationem,
1091 3109 1131 3168 ad
1152 3129 1243 3186 quam
1265 3108 1390 3168 victoria

287 3221 317 3265 et
332 3209 516 3284 expugnatio
533 3209 685 3268 referenda
702 3208 758 3281 sit,
775 3209 850 3266 nihil
866 3209 987 3267 omnino
1004 3209 1069 3268 elici
1081 3217 1183 3284 potest
1189 3229 1199 3281 ;
1217 3211 1275 3268 hoc
1289 3218 1388 3268 tamen

286 3307 436 3366 affirmare
452 3326 507 3382 pro
525 3317 606 3367 certo
624 3309 779 3381 debemus,
803 3309 842 3366 ab
858 3309 1000 3368 universa
1023 3307 1084 3368 loci
1099 3309 1199 3368 indole
1221 3318 1251 3369 et
1273 3309 1389 3368 ratione

285 3407 431 3466 neminem
451 3406 569 3484 longius
594 3411 699 3468 abesse
722 3427 811 3485 quam
842 3409 873 3487 1)
896 3410 979 3485 ipsos
1003 3408 1209 3485 Assyriam
1245 3409 1276 3468 id
1307 3409 1389 3485 quod

285 3507 380 3583 probe
391 3509 683 3583 perspexitllwanor
693 3509 853 3585 sagacitas,
866 3518 896 3566 et
907 3508 1036 3581 Graan,
1046 3509 1174 3586 quicum
1183 3509 1289 3568 antea¹
1299 3510 1389 3585 longe

283 3606 371 3665 aliter
386 3607 559 3680 iudicasset,
578 3607 692 3668 scrius²
707 3610 833 3684 ingenue
848 3610 1004 3668 concessit.
1027 3609 1136 3667 Nonne
1149 3610 1242 3682 enim,
1261 3609 1387 3668 sialiter

284 3715 378 3777 esset,
403 3705 505 3782 aliqua
527 3708 730 3766 atrocissimae
754 3707 875 3767 talionis
903 3709 983 3767 facta
1005 3709 1116 3768 mentio
1141 3709 1266 3768 fuisset?
1291 3729 1388 3786 neque

282 3813 384 3880 potest
399 3806 576 3879 exprobrari
594 3806 698 3879 nobis,
722 3808 803 3883 qnod
825 3825 880 3884 per
896 3827 1013 3867 omnem
1031 3808 1163 3866 Nahumi
1188 3808 1296 3866 librum
1313 3810 1388 3868 taci-

231 3949 237 3964 .
282 3913 344 3962 tam
367 3912 396 3962 ct
420 3903 506 3980 quasi
535 3905 682 3965 occultam
708 3907 932 3966 retributionem
963 3908 1202 3986 indigitavimus3
1233 3929 1269 3968 ea
1298 3910 1386 3984 enim,

283 4004 385 4080 qualia
401 4011 499 4077 erant,
517 4004 684 4065 universam
703 4009 896 4084 Assyriorum
915 4010 1022 4086 agendi
1039 4009 1185 4067 rationem
1201 4011 1387 4082 referebant3

334 4245 359 4305 1)
377 4245 429 4295 cfr.
449 4261 538 4296 comm.
556 4248 583 4296 in
600 4247 651 4297 les.
671 4247 697 4309 l,
716 4249 763 4299 641
785 4265 818 4298 sa.
836 4249 896 4299 vide
914 4251 949 4299 sis
967 4249 1035 4301 inira
1052 4269 1072 4302 s.
1091 4269 1116 4302 n.
1135 4253 1182 4302 Ν.

332 4328 358 4389 2)
376 4327 429 4380 Clr.
447 4329 578 4382 Halllsehe
595 4331 828 4396 Literaturzeitung
846 4335 922 4396 1841,
939 4333 1028 4385 Nol.
