3122 5002
308 220 376 290 130
693 223 766 282 Car.
778 223 836 294 ΙΙΙ,
855 239 884 282 v.
901 227 1010 308 14-19.

303 417 416 480 monta,
445 409 536 484 longa
563 407 728 466 seculorum
752 416 935 482 praeteracta
963 407 1052 478 serie,
1084 417 1271 468 accusatores
1301 429 1444 468 eorum

302 517 454 588 emergunt
471 528 487 567 e
504 507 624 584 pulvere
642 518 670 566 et
688 507 925 582 comprobandae
941 507 1024 565 verbi
1041 506 1133 566 divini
1150 509 1282 571 veritatis
1301 519 1437 571 testea.

303 611 403 683 „Nam
420 629 527 668 sarum
544 629 560 667 e
578 627 662 666 muro
684 606 894 681 conclamabit,
918 617 948 666 et
971 608 1084 685 tignum
1106 627 1124 666 e
1146 609 1279 670 tabulato
1304 613 1340 670 ei
1372 633 1435 670 re-

303 708 490 788 spondebitf‘
507 709 627 768 Habak.
645 709 690 777 11,
710 714 751 766 11.

353 811 438 885 Quae
454 829 519 868 cum
536 810 578 867 ita
595 809 669 881 sint,
692 810 779 866 finem
797 807 927 886 vaticinii
951 808 1045 867 redire
1063 809 1100 867 ad
1118 809 1232 868 initium
1256 811 1428 883 videmusr,

303 931 368 970 cum
390 910 534 969 atrocium
564 899 749 985 peccatorum
772 909 928 967 multitudo
958 908 1089 968 divinam
1119 910 1231 988 flagitet
1259 911 1425 970 ultionem

303 1012 348 1088 (Ι,
368 1017 392 1070 l.
410 1012 460 1088 2.).
486 1009 680 1086 Nequevero
698 1029 798 1067 eorum
816 1017 1021 1084 proponuntur
1038 1008 1151 1086 flagitia
1168 1019 1197 1068 et
1221 1012 1426 1088 praedicitur

302 1111 449 1184 vindicta,
480 1110 532 1188 qui
555 1097 669 1188 aliquot
691 1110 895 1168 tautummodo
918 1119 1020 1186 gentes
1045 1129 1099 1169 sua
1123 1113 1297 1172 vexaverint
1314 1114 1421 1188 perfi-

303 1213 352 1271 dia
377 1219 467 1287 atque
489 1203 638 1288 nequitia:
667 1211 718 1268 sed
741 1228 858 1282 eorum,
888 1209 939 1287 qui
962 1229 1105 1292 summam
1128 1219 1247 1270 teneant
1270 1211 1418 1270 omnium

303 1312 464 1387 potentiam
493 1320 523 1369 et
545 1293 718 1370 universum
743 1320 886 1368 terrarum
911 1311 1012 1368 orbem
1034 1310 1079 1386 (¹27
1098 1307 1124 1373 'h
1145 1327 1179 1370 rt>
1193 1307 1265 1390 ⁸51³)
1289 1313 1418 1372 tamdiu

303 1409 539 1470 conculcaverint
555 1411 695 1486 pedibus,
720 1419 749 1468 et
766 1429 881 1468 sacram
897 1411 1070 1487 praesertim
1088 1408 1146 1470 Dei
1162 1419 1279 1487 gentem
1295 1431 1416 1470 excru-

303 1511 459 1582 ciaverint;
485 1511 646 1588 quaelicet
662 1511 750 1586 longe
767 1511 920 1587 graviores
936 1530 1047 1587 poenas
1065 1511 1126 1570 suis
1143 1512 1282 1571 meruerit
1297 1531 1414 1590 pecca-

304 1613 361 1684 tis,
379 1613 523 1669 immensa
546 1620 643 1669 tamen
666 1611 789 1669 Domini
811 1611 965 1670 clementia
992 1619 1022 1670 et
1038 1611 1254 1684 misericordia,
1281 1621 1412 1688 postca—

303 1732 392 1789 quam
409 1711 591 1788 aliquamdiu
609 1710 773 1787 vapulavit,
800 1731 818 1770 a
836 1711 913 1770 tristi
930 1711 1047 1770 illorum
1065 1711 1135 1786 iugo
1154 1719 1183 1770 et
1199 1712 1411 1771 dominatione

303 1813 422 1872 iamiam
438 1813 621 1871 liberabitur.
648 1811 748 1885 Quare
768 1811 856 1888 longe
878 1811 975 1888 magis
996 1811 1181 1887 magnificum
1198 1811 1330 1870 Nahumi
1348 1833 1408 1870 no·

303 1933 369 1971 men
386 1921 519 1971 extrema
535 1913 642 1971 haecce
657 1920 799 1970 revocant
814 1911 922 1984 verba,
938 1920 968 1971 et
984 1912 1168 1987 praeclaras,
1187 1929 1262 1988 quas
1279 1932 1405 1988 expres-

304 2031 353 2071 sas
370 2012 400 2069 in
419 2031 450 2070 se
467 2012 561 2088 gerit,
584 2011 807 2088 promissiones.
828 2013 1003 2070 Extremum
1021 2011 1112 2088 igitur
1128 2012 1324 2072 enarrationis
1346 2032 1403 2070 no-

303 2123 382 2171 strae
399 2111 527 2187 lapidem
544 2111 696 2188 praeclara·
712 2111 867 2186 imponant
883 2111 1026 2198 Luunstu
1041 2113 1147 2171 verba:

354 2211 434 2285 „Hic
450 2212 602 2285 videmus,
626 2231 714 2288 quam
740 2211 801 2270 sint
823 2211 922 2270 omnia
937 2212 968 2270 in
984 2203 1042 2269 hoc
1057 2213 1204 2288 propheta
1220 2213 1400 2272 consolatio-

302 2333 372 2370 num
388 2313 578 2389 plenissima,
602 2312 709 2390 quibus
725 2311 808 2371 Deus
826 2311 967 2388 Optimus
984 2297 1133 2371 Maximus
1158 2331 1229 2371 suos
1246 2313 1313 2389 pios
1330 2332 1399 2372 con·

303 2423 349 2472 tra
366 2413 426 2470 vim
443 2420 472 2470 et
489 2396 630 2471 indultum
646 2412 776 2471 hostium
792 2411 972 2472 consolatur.
999 2411 1083 2488 Quae
1105 2413 1321 2472 consolationes
1343 2431 1398 2472 nos

302 2531 404 2572 omnes
422 2513 511 2592 etism
521 2499 659 2574 animare
676 2512 782 2570 debent
798 2512 828 2570 in
847 2531 1022 2589 quacunque
1038 2511 1229 2585 necessitate,
1254 2521 1287 2572 ut
1309 2515 1397 2572 conli-

303 2614 406 2672 damus
424 2613 636 2690 credamusque
651 2612 754 2688 plane,
772 2632 832 2674 nou
848 2612 1059 2688 permissurum
1072 2596 1247 2685 Dominum,
1265 2622 1299 2672 ut
1313 2633 1396 2690 prae-

301 2714 420 2771 valeant
442 2721 545 2770 contra
566 2731 622 2770 nos
645 2712 808 2771 adversarii
831 2712 912 2771 verbi
929 2711 996 2770 Dei.
1023 2710 1106 2771 Sicut
1128 2713 1205 2771 enim
1222 2713 1395 2790 promiserat

301 2812 392 2869 Iudae
414 2811 637 2883 liberationem,
663 2820 692 2868 et
713 2830 835 2896 regnum
859 2807 989 2884 salvum,
1013 2831 1052 2870 ex
1075 2831 1135 2890 quo
1152 2813 1318 2874 nasciturus
1333 2823 1395 2874 erat

301 2911 452 2984 Christus,
478 2919 507 2969 et
530 2909 686 2987 promissis
709 2911 814 2985 stetit,
829 2911 900 2970 fecit
916 2912 1053 2972 omnibus
1068 2913 1204 2973 hostibus
1221 2916 1391 2991 superiores,

300 3013 330 3070 id
357 3013 437 3090 quod
460 3011 508 3069 hic
533 3011 719 3087 apertissime
743 3013 773 3071 in
798 3023 859 3071 tarn
881 3012 1088 3088 potentissimo
1115 3022 1144 3072 et
1174 3015 1390 3090 opulentissimo

300 3131 392 3190 regno
409 3112 603 3190 Assyriorum
621 3112 771 3171 exhibuit:
794 3113 838 3172 ita
855 3113 1098 3173 non'dubitemus
1116 3114 1203 3173 etiam
1221 3116 1308 3190 nobis
1322 3115 1390 3174 affu-

303 3223 398 3271 turum
421 3213 451 3270 in
476 3213 557 3271 omni
574 3201 762 3286 necessitate,
781 3214 844 3272 sire
861 3213 1010 3288 corporali
1028 3214 1091 3272 sive
1109 3215 1266 3290 spirituali.
1301 3213 1390 3294 Siqui-

265 3338 269 3347 ·
301 3313 364 3371 dem
383 3332 458 3371 unus
481 3322 526 3371 est
550 3311 645 3372 adhuc
662 3311 760 3385 Deus,
776 3313 835 3400 qui
857 3313 981 3371 redemit
1002 3297 1124 3386 ludam,
1151 3317 1202 3390 qui
1224 3317 1313 3388 dixit,
1336 3335 1389 3374 non

214 3464 226 3477 ,
300 3433 435 3472 casurum
453 3412 591 3487 capillum
610 3413 758 3488 decapite
776 3413 880 3472 nostro
898 3413 965 3472 sine
979 3415 1133 3473 voluntate
1151 3420 1236 3474 sua.“
