3122 5002
622 328 696 390 Csr.
712 329 773 403 ΙΙΙ,
792 345 821 388 v.
835 334 861 390 5.
1253 325 1299 394 95

196 535 250 576 sua
266 524 373 576 exutos
389 518 421 576 In
439 516 611 578 servitutem
628 515 743 592 redegit
759 523 790 572 et
807 513 864 574 sibi
881 515 1093 591 mancipavit.“
1117 516 1300 590 Expressam

195 635 266 693 ergo
283 638 312 676 v.
344 633 406 678 nnn
433 618 576 676 babemus
600 615 780 674 cumulatam
801 615 964 690 privandae
985 615 1132 676 libertatis
1149 616 1300 675 notionem

194 717 371 795 onerare).
397 718 451 776 cfr.
474 717 527 776 Ps.
551 715 664 788 XLIV,
683 719 732 788 133
760 716 866 791 lReg.
883 715 1048 788 xxl‚·2o.
1066 719 1109 776 25.
1136 717 1301 776 Hrrzrorus

195 827 228 876 ut
243 818 388 877 vendendi
404 825 584 895 potestatem
600 817 810 889 labefactaret,
836 816 973 876 debuisse
989 817 1078 876 scribi
1104 833 1125 896 ³.
1148 826 1300 876 asseverat

195 937 291 995 neque
308 937 379 977 vero
397 918 475 995 'sum
497 927 529 976 at
546 917 740 977 scortationes
757 935 817 975 non
834 915 978 992 pretium,
1002 918 1055 978 sed
1073 899 1300 978 instrumentum

197 1027 268 1077 sunt
297 1019 489 1078 venditionis!
534 1018 623 1076 Haud
661 1019 755 1093 probe
784 1017 977 1076 Ksnmsmus
1011 1019 1179 1078 venditione
1215 1019 1300 1076 sedu-

195 1119 322 1178 ctionem
345 1120 384 1178 ad
406 1118 607 1178 idololatriam
624 1117 777 1193 intelligit,
805 1136 865 1193 qua
881 1117 994 1176 laetum
1018 1128 1095 1178 esset
1111 1129 1145 1179 ut
1162 1120 1301 1194 decepteo

195 1227 298 1294 gentes
320 1237 435 1295 poenae
458 1220 575 1279 divinae
600 1219 666 1278 loeo
690 1217 757 1278 eliis
780 1217 1002 1277 subiicerentur.
1018 1253 1057 1262 -
1080 1234 1194 1278 nnnmo
1214 1219 1300 1278 lumi-

194 1319 265 1378 liam
287 1319 384 1396 gentis
407 1320 545 1396 desIgnat
568 1317 645 1378 Gen.
663 1317 710 1391 X,
730 1323 772 1377 18.
786 1323 829 1378 20.
847 1322 896 1390 313
922 1315 1011 1378 Such.
1028 1318 1107 1392 XII,
1126 1323 1157 1376 12
1176 1338 1233 1392 ss,
1256 1320 1300 1378 in-

196 1428 296 1496 tegros
312 1421 442 1498 populos
459 1421 515 1479 lcr.
534 1419 625 1492 VIII,
644 1422 669 1478 3.
694 1419 796 1492 XXV,
815 1423 846 1490 93
870 1419 924 1478 Er.
943 1419 1024 1493 XX,
1041 1423 1084 1478 32.

715 1767 743 1806 r.
758 1749 784 1804 5.

243 1921 403 1980 Terrarum
426 1922 528 1980 orbem
553 1921 678 1982 subiecit
701 1921 759 1980 sibi
776 1923 888 1992 Assum
911 1919 979 1997 quis
997 1928 1043 1980 est
1066 1920 1118 1997 qui
1136 1921 1297 1982 vindictam

193 2040 308 2081 sumere
326 2024 363 2080 de
379 2041 415 2081 ea
431 2022 549 2082 valeat?
567 2055 603 2065 -
620 2023 670 2081 En
686 2041 729 2080 mc
741 2023 783 2080 ad
798 2031 838 2094 te,
864 2023 967 2080 dietum
983 2021 1104 2080 Domr'ni
1120 2027 1297 2093 ereroitaum,
1316 2053 1322 2060 ·

184 2119 222 2180 vet
241 2131 332 2197 retego
350 2133 475 2197 cymrutc
493 2133 543 2182 tua
560 2141 645 2199 cuper
655 2125 874 2196 scelerantem,
892 2131 918 2180 ct
934 2124 1027 2180 videre
1037 2124 1119 2196 facio
1135 2133 1227 2197 gentes
1242 2144 1297 2200 pu-

194 2224 285 2282 denda
302 2233 352 2282 trra
370 2233 398 2281 et
413 2242 500 2298 regna
516 2228 697 2298 ignominiam
713 2233 798 2282 tuem.
818 2239 884 2283 *mn
907 2223 960 2282 cfr.
978 2225 1023 2294 Il,
1038 2229 1077 2282 ll.
1102 2222 1220 2282 Nomen
1234 2225 1298 2283 Do·

193 2323 265 2384 mini
282 2324 465 2382 exercituum
483 2325 585 2384 eadem
603 2343 641 2382 cx
659 2343 766 2386 caussa
782 2325 830 2382 hio
847 2323 1038 2399 proponitur,
1064 2341 1154 2400 quum
1171 2324 1299 2385 vidimus

194 2441 294 2498 supra.
321 2422 455 2482 Nimium
473 2431 572 2482 autem
591 2423 667 2483 vidit
682 2423 835 2495 Hrnnorv„
859 2441 925 2481 oum
947 2424 1020 2481 baec
1042 2423 1099 2482 sibi
1116 2423 1190 2482 velle
1207 2427 1300 2484 verba

194 2523 380 2582 existimaret
386 2544 395 2594 ;
416 2524 500 2599 „ipse
517 2524 555 2582 ad
573 2533 602 2583 te
620 2524 735 2583 veniam
752 2525 791 2582 ed
809 2532 837 2582 te
851 2523 1096 2596 subvertendum,
1115 2524 1299 2583 nonmitmm

194 2624 349 2701 angelum,
368 2641 428 2682 non
447 2624 565 2682 credam
582 2625 650 2683 aliis
660 2625 843 2697 iudieium;“
861 2624 922 2682 imo
936 2643 998 2682 rem
1011 2642 1065 2682 acu
1077 2624 1175 2700 tetigit
1188 2624 1299 2683 Oriun-

194 2741 265 2797 ωε,
293 2724 344 2802 qui
368 2725 412 2784 sle
432 2724 657 2801 interpretatur:
682 2715 734 2786 ὅτι
760 2716 807 2805 μὴ
835 2716 922 2804 πρὸς
943 2709 1127 2802 ἄνθρωπον
1154 2714 1172 2784 ὃ
1200 2716 1300 2805 λόγος

197 2812 297 2907 αὐτῇ,
325 2813 410 2908 μήτε
430 2817 497 2907 μὴν
523 2814 541 2886 ὃ
570 2814 734 2902 πόλεμος,
761 2813 942 2905 ἐπεμήνισε
971 2814 1009 2884 δὲ
1036 2819 1166 2900 μᾶλλον
1193 2813 1300 2886 ὁτῶν

196 2913 365 3000 δυνάμεων
384 2915 499 3009 κύριος
524 2920 594 2986 κτλ.
620 2959 658 2968 -
680 2923 736 2989 nbc
758 2925 811 2984 cfr.
829 2925 878 2996 11,
901 2929 926 2983 8.
955 2923 1094 2986 Scortum
1115 2926 1236 3003 punitur
1260 2928 1299 2986 ad

177 3035 281 3084 ‘suum
297 3027 450 3085 modulum
467 3035 497 3084 et
514 3025 602 3086 sicuti
619 3027 740 3084 meruit:
758 3027 811 3084 cfr.
830 3026 887 3084 les.
900 3025 1036 3100 XLVII,
1053 3031 1085 3099 23
1102 3028 1179 3086 Hcs.
1197 3028 1246 3100 ΙΙ,
1264 3031 1298 3099 5;

194 3125 248 3183 En.
266 3126 358 3198 XVI,
380 3130 423 3184 36.
448 3129 496 3197 373
520 3126 577 3184 Ier.
595 3126 688 3198 XIII,
714 3131 756 3185 22.
775 3131 826 3195 263
849 3128 946 3201 Apoc.
964 3125 1018 3198 IV,
1037 3131 1079 3185 18.
1107 3121 1170 3191 bum
1196 3146 1298 3204 syrma

196 3226 249 3284 cfr.
267 3225 324 3285 les.
343 3226 402 3299 VI,
422 3231 455 3297 1;
472 3226 529 3283 Ier.
548 3225 641 3298 XIII,
659 3226 818 3302 relegitur
838 3219 921 3299 buum
938 3225 1070 3285 fimbrias
1088 3246 1148 3284 non
1162 3235 1300 3286 accurate

195 3326 248 3385 alii
263 3326 474 3384 intellexerunt
491 3325 543 3384 cfr.
563 3323 717 3384 Goussur.
736 3346 765 3401 p.
780 3329 854 3384 1603.
886 3340 949 3388 netu
972 3341 1090 3400 praeter
1106 3328 1184 3385 hunc
1200 3327 1298 3386 locum

194 3427 280 3486 unice
295 3427 422 3486 habetur
440 3425 541 3502 lReg.
558 3425 632 3498 VH,
646 3429 694 3498 36,
713 3427 763 3486 ubi
777 3426 924 3502 significet
937 3427 1065 3502 spatium
1078 3446 1219 3501 vacuum,
1237 3428 1257 3486 i.
1272 3447 1298 3486 e.

196 3547 256 3586 non
279 3536 387 3587 tectum
410 3526 524 3605 aliquid
548 3518 773 3620 seufapertum3
799 3526 867 3584 inde
888 3527 936 3584 hic
953 3553 985 3578 π
1003 3543 1092 3590 nrum
1114 3523 1177 3603 tnbp
1196 3529 1298 3586 eodem

196 3629 284 3687 modo
303 3629 474 3704 oppositum
492 3649 520 3686 v.
550 3644 625 3689 nnn:
642 3625 718 3685 Hos.
736 3627 791 3699 IV,
808 3631 825 3684 Ι
833 3647 841 3698 ;
859 3626 976 3685 Hebae.
997 3626 1027 3683 Π
1038 3669 1046 3698 ,
1058 3631 1097 3698 26
1115 3626 1163 3686 all.

247 3728 331 3802 Quae
348 3729 439 3786 verba
455 3728 506 3786 ubi
524 3747 731 3805 comparemus
755 3747 820 3786 enm
838 3728 894 3786 les.
912 3726 1045 3800 XLVII,
1063 3732 1088 3786 2.
1107 3731 1123 3786 3
1147 3735 1176 3786 et
1192 3727 1297 3788 Ierem.

196 3827 289 3900 XIII,
306 3833 410 3886 22-26
433 3837 605 3888 concentum
630 3829 711 3887 haud
727 3829 881 3888 fortuitum
897 3827 1087 3905 reperiemus.
1113 3829 1170 3888 Ies.
1191 3828 1211 3887 1.
1229 3828 1249 3887 l.
1267 3830 1297 3886 in

139 3965 142 3970 ,
195 3928 280 3987 initio
304 3929 408 3987 cantici
431 3928 511 3987 illius
537 3928 576 3986 de
596 3929 718 3988 interitu
734 3929 856 3988 BubeIIs
881 3929 925 3987 sio
941 3928 1135 3987 vociferatur:
1162 3929 1299 4005 „depone

195 4029 311 4101 velum,
339 4030 442 4104 detege
465 4045 547 4100 crus,
580 4028 629 4086 abi
652 4047 742 4103 super
767 4029 888 4088 duvios!
919 4029 1072 4105 detegatur
1101 4028 1220 4086 nuditas
1249 4037 1300 4087 tua

196 4130 338 4208 (uniunt),
363 4128 451 4187 etiam
477 4135 615 4186 cernatur
631 4128 796 4204 Ignominia
812 4138 865 4186 tua
881 4127 1027 4204 (nno-in„
1049 4137 1079 4186 et
1094 4127 1181 4187 sicuti
1198 4137 1301 4203 aperte

195 4230 342 4288 interdum
359 4228 472 4287 Ieseiae
490 4228 631 4286 vaticinia
646 4227 777 4286 Nahumi
795 4227 893 4286 animo
912 4228 1070 4286 observate
1090 4227 1299 4300 intelleximus,

196 4349 231 4388 ac
249 4330 304 4389 nisi
323 4331 456 4403 literate,
474 4329 642 4390 adsensum
658 4337 757 4388 tumen
778 4327 917 4402 recitata,
934 4327 978 4386 ita
993 4327 1066 4388 haee
1078 4345 1196 4406 quoque
1209 4329 1300 4388 verba
