3122 5002
634 306 708 367 Otr.
721 306 776 366 111.
796 327 824 366 v.
837 313 863 366 3.
1262 304 1305 374 91

201 494 327 566 sedan,
344 500 373 550 ct
382 493 502 566 flamoso
512 490 616 565 qlcdir‘,
634 492 766 566 ctfulqar
782 493 881 550 lastae
898 525 934 536 -
952 499 980 550 ct
990 492 1136 550 murtam
1154 495 1306 552 mladota·

208 611 279 662 mm,
301 599 335 650 'ct
350 609 453 667 meque
470 591 553 666 copta
562 593 716 665 fitncrumr
741 611 791 651 nec
807 594 874 669 fiaes
897 603 938 650 eet
960 593 1142 662 cadaverum,
1166 593 1312 666 offendunt

207 697 238 751 ta
255 693 437 751 caducarius
454 709 556 750 corum.
574 725 611 734 -·
630 690 719 756 ..abac
746 710 823 753 utus.
859 693 962 752 Mirari
990 692 1084 764 subit,
1116 693 1187 770 quid
1211 694 1310 766 fuerit,

209 793 338 870 quadiu
354 802 416 852 tam
439 792 566 868 simplici
589 792 704 852 dicendi
727 811 834 870 genere
858 801 1013 869 tantopere
1034 792 1200 852 laborarint
1222 794 1312 852 inter·

208 903 321 970 pretes:
339 893 478 952 facillime
494 912 556 952 vox
572 893 616 952 ita
632 893 782 952 redditur:
808 912 889 969 eques
906 895 1054 952 oscetdere
1064 895 1177 967 sactes
1186 913 1198 962 ;
1223 913 1311 970 quem

208 994 301 1054 faciat
316 993 489 1065 escendere,
509 993 670 1070 quaeritari
687 994 738 1052 diu
755 994 875 1072 nequit:
893 1014 1000 1071 equum
1013 994 1167 1067 nimirum,
1186 1013 1253 1052 curn
1266 995 1311 1054 in·

209 1095 296 1154 sistat
313 1093 493 1166 calcaribus,
518 1095 692 1170 praesertim
716 1095 756 1153 ad
779 1095 921 1172 impetum
946 1095 978 1152 in
1001 1095 1103 1154 hostes
1126 1095 1310 1168 faciendum

208 1195 299 1272 idque
314 1196 413 1254 nescio
431 1195 581 1271 quomodo
597 1213 731 1272 pugnare
749 1215 814 1254 cum
832 1215 911 1254 nexu
938 1195 1149 1254 sententiarum
1165 1196 1309 1256 videatur.

209 1295 315 1368 Recte,
332 1305 367 1354 nt
382 1295 469 1354 nobis
487 1294 619 1369 videtur,
643 1296 701 1354 hoc
716 1296 780 1354 fere
796 1297 886 1355 modo
903 1296 1089 1372 interpretati
1106 1303 1175 1355 sunt
1192 1295 1310 1356 (lasau.

209 1395 299 1468 thes,
323 1396 443 1470 Meua,
473 1393 637 1468 Hennam,
667 1398 857 1474 quantumvis
880 1416 916 1455 eo
939 1396 1106 1473 peccaverit
1127 1397 1310 1469 Msueueus,

209 1496 289 1573 quod
319 1516 424 1574 equem
454 1514 510 1572 pro
541 1516 619 1575 equc
648 1497 759 1556 dictum
781 1497 998 1558 existimaverit
1019 1497 1065 1572 (id
1090 1498 1170 1574 quod
1193 1497 1311 1556 admitti

209 1596 291 1654 nullo
308 1597 397 1655 modo
416 1615 505 1674 posse
522 1597 662 1672 probavit
677 1596 865 1658 Demrzscrr.
884 1598 923 1658 ad
940 1598 1019 1656 Hab.
1037 1617 1067 1672 p.
1083 1599 1143 1675 13),
1162 1607 1192 1656 et
1207 1617 1310 1658 ascen·

210 1697 280 1756 dere
295 1715 352 1773 pro
369 1697 463 1756 altum
479 1698 585 1756 facere.
610 1699 675 1756 Iam
692 1717 764 1757 vero
782 1718 798 1756 c
815 1698 1026 1775 multiplicibus
1038 1697 1232 1774 interpretum
1245 1717 1311 1758 sen-

209 1797 324 1869 tentiis,
349 1817 416 1856 cum
433 1798 508 1858 satis
524 1816 634 1874 magna
649 1798 692 1856 rei
709 1817 770 1857 non
788 1799 828 1858 sit
845 1799 992 1875 gravitas,
1015 1799 1174 1858 nonnullas
1197 1807 1311 1858 tautum

209 1898 436 1958 recensebimus.
465 1900 493 1976 l)
510 1898 703 1960 Intransitito
720 1919 808 1960 sensu
824 1900 908 1960 vocis
925 1899 1076 1958 notionem
1101 1907 1312 1976 expresserunt

208 1997 297 2057 LXX
314 1987 448 2070 ἱππέως
469 1987 716 2077 ἀναβαίνοντος,
730 2001 819 2077 vulg.
832 1999 952 2073 Unam,
964 1999 1073 2072 Hmu,
1088 2019 1177 2060 sensu
1189 2000 1312 2078 omnino

209 2099 328 2175 quidem
343 2109 516 2176 perspecto,
539 2103 673 2180 neglecta
694 2113 795 2162 tamen
817 2102 900 2160 verbi
922 2102 1029 2160 forma.
1063 2099 1145 2160 Nam
1163 2109 1241 2176 part.
1258 2100 1311 2160 Hi.

208 2208 309 2275 potest
325 2200 444 2277 quidem
460 2203 544 2261 abire
559 2203 590 2260 in
607 2212 785 2280 potestatem
802 2202 823 2260 f.
836 2201 917 2275 Kal,
935 2203 1024 2262 modo
1043 2201 1162 2260 omnino
1178 2221 1245 2261 eam
1258 2203 1312 2261 ha·

209 2301 278 2359 beat
294 2301 316 2359 f.
333 2301 457 2377 Hiphil;
475 2311 593 2363 atvero
622 2302 707 2366 atra
735 2303 845 2378 ubique
861 2302 1017 2362 transitive
1034 2301 1176 2360 usitatum
1192 2301 1311 2378 legitur,

209 2419 302 2478 quare
319 2401 416 2460 solum
432 2411 527 2476 part,
545 2403 603 2462 nisi
620 2413 742 2479 urgente
758 2401 950 2474 necessitate,
968 2403 1006 2461 ab
1024 2402 1080 2460 hac
1096 2401 1199 2477 regula
1212 2402 1311 2478 excipi

209 2500 320 2576 nequit.
348 2501 475 2560 Frustra
497 2503 528 2561 in
551 2504 607 2562 hoc
632 2521 737 2580 genere
758 2501 849 2560 Hrrz.
873 2502 1001 2562 advocat
1022 2502 1126 2561 Ierem.
1144 2503 1266 2575 XLVI,
1282 2509 1311 2576 4,

209 2601 261 2659 nbi
278 2621 358 2660 mere
374 2603 499 2662 habetur
515 2618 635 2664 brutium
664 2599 730 2678 ibn,
754 2602 903 2662 ascendite
926 2603 1040 2680 equites
1064 2602 1108 2678 (in
1134 2604 1255 2680 equos)l
1284 2613 1314 2662 et

209 2702 297 2760 Micb.
306 2702 362 2776 III,
377 2707 394 2760 7
410 2703 462 2762 ubi
473 2723 533 2763 non
546 2705 671 2782 legimus
683 2714 760 2783 part.
778 2704 831 2764 sed
844 2711 913 2764 stat.
926 2712 1036 2764 constr.
1056 2719 1141 2791 appu
1157 2704 1313 2778 responsio

209 2802 272 2876 dei;
295 2823 331 2862 ac
352 2823 389 2862 ne
414 2805 481 2882 quis
503 2825 557 2883 per
580 2807 687 2866 calami
713 2804 930 2866 aberrationem
947 2805 1020 2864 Zere
1045 2803 1176 2881 positum
1194 2803 1313 2865 cavillet

209 2922 265 2979 pro
283 2903 388 2981 Segol,
412 2905 464 2965 Hi.
491 2927 518 2966 a.
538 2928 566 2967 v.
597 2925 659 2972 tritt
688 2926 835 2986 nusquam
851 2907 1047 2983 respondere,
1072 2905 1124 2965 sed
1143 2905 1313 2981 opprimere

208 3004 299 3064 audit.
331 3007 362 3082 2)
379 3005 580 3068 Transitivam
598 3009 749 3070 notionem
772 3007 853 3066 baud
875 3009 968 3084 probe
991 3015 1185 3082 perceperunt
1207 3007 1240 3083 a)
1258 3006 1310 3083 qui

209 3104 306 3163 Deum
325 3113 491 3166 statuerunt
507 3127 573 3168 esse
589 3110 752 3168 subiectum
762 3107 959 3183 cogitationi,
984 3107 1075 3165 veluti
1097 3107 1121 3163 I.
1139 3106 1180 3164 H.
1198 3106 1310 3166 Mrou:

210 3205 395 3281 „equitatum
417 3207 547 3266 hostium
570 3209 751 3268 adducturus
775 3216 821 3266 est
843 3208 959 3279 deus,“
990 3207 1057 3264 coll.
1080 3206 1137 3264 Ias.
1162 3206 1253 3279 VIII,
1277 3211 1311 3278 73

209 3305 266 3364 Icr.
283 3305 327 3380 L,
345 3311 378 3378 93
396 3315 429 3364 at
444 3307 513 3366 licet
533 3302 597 3370 mbr
617 3309 695 3368 baud
717 3326 786 3366 raro
810 3307 847 3365 de
872 3307 1008 3366 hostibus
1030 3307 1062 3364 in
1079 3314 1187 3364 terram
1203 3306 1311 3364 irrum-

210 3406 347 3482 pentibus
365 3407 424 3466 dici
444 3407 603 3468 viderimus
622 3410 659 3468 ad
677 3409 723 3481 Π,
741 3413 776 3481 2,
795 3407 868 3465 nibil
885 3416 931 3468 est
948 3417 1046 3466 tamen
1064 3407 1095 3464 in
1112 3407 1311 3466 antecedenti·

210 3507 266 3567 bus
283 3516 313 3566 et
329 3509 536 3585 sequentibus,
561 3529 621 3586 quo
644 3511 680 3569 de
702 3510 758 3569 deo
782 3508 906 3568 eundem
930 3508 961 3566 in
984 3509 1104 3566 modum
1121 3507 1310 3583 cogitandum

210 3626 381 3666 moneamur
397 3629 433 3668 ac
449 3611 497 3684 ll,
515 3618 541 3670 4.
568 3611 602 3689 b)
619 3612 778 3671 Krucmus
795 3609 845 3668 all.
864 3609 1010 3668 obiectum
1039 3625 1195 3685 perperam
1220 3627 1310 3686 quae·

210 3709 316 3768 rebant
331 3708 363 3766 in
380 3728 427 3768 vv.
447 3727 490 3777 ut
519 3707 610 3785 rubr,
629 3712 787 3772 secuudum
800 3710 928 3770 *launum
944 3727 1038 3786 genus
1049 3708 1165 3768 dicendi
1183 3718 1212 3768 et
1230 3743 1251 3752 -
1271 3719 1310 3782 et,

211 3807 278 3868 coll.
297 3807 373 3868 Gen.
391 3809 502 3882 XXII,
519 3817 536 3868 4
556 3829 621 3877 Μή
645 3828 720 3877 reum
742 3846 777 3854 -
795 3812 826 3869 id
841 3811 923 3889 quod
935 3810 1102 3886 comparari
1117 3810 1237 3868 omnino
1250 3828 1311 3868 non

211 3927 310 3986 posse,
325 3909 378 3968 vix
390 3909 510 3970 debebit
522 3913 627 3971 notari.
655 3913 685 3988 c)
702 3913 848 3971 Restabat
866 3921 898 3970 ut
917 3910 1113 3987 supplendum
1135 3909 1250 3987 aliquid
1267 3911 1310 3967 vi-

211 4011 339 4083 deretur,
358 4029 386 4068 v.
405 4030 430 4070 c.
448 4013 606 4070 ascendere
622 4007 734 4072 faciens
752 4031 805 4083 se;
824 4012 895 4089 quid
913 4032 999 4084 vero,
1018 4029 1146 4088 quaeso,
1165 4029 1224 4067 non
1238 4009 1310 4069 scri-

211 4112 272 4188 psit
289 4120 372 4170 vatcs
394 4105 478 4187 ubit?
495 4112 592 4189 Magis
609 4112 828 4172 commendatur
840 4113 972 4170 Elwanm
989 4109 1151 4186 disputatio
1169 4111 1199 4168 in
1217 4128 1309 4167 anno-

211 4213 375 4272 tationibus
391 4191 544 4290 suposita:
578 4209 690 4286 „nbra‘t
716 4211 831 4272 sebeint
851 4211 897 4272 als
920 4210 1135 4287 kriegerischer
1150 4210 1310 4270 Ausdruek

211 4313 266 4372 das
283 4315 442 4376 Auiheben
460 4316 512 4374 der
528 4315 662 4389 Waffen,
689 4315 743 4374 das
767 4312 829 4372 sicb
854 4331 921 4372 zum
939 4311 1070 4388 Kampsa
1094 4310 1187 4370 bereit
1209 4310 1309 4370 hulten
