3124 4988
517 341 543 416 ξ.
561 343 586 397 2.
607 339 657 398 Da
676 355 804 398 emulsa
815 337 957 400 Nsuour.
1247 359 1293 402 ur

190 542 351 596 consensu,
370 541 430 600 quc
447 519 579 580 Nuh'umi
592 521 688 580 'verba
704 539 770 580 cum
788 521 989 596 monumentis
1002 523 1146 582 contineri
1158 541 1292 600 pressere

189 626 242 683 tim
259 625 289 684 in
306 645 338 682 re
355 622 476 682 militari
499 621 694 680 describenda
714 621 887 697 saepissime
909 623 1108 697 ostendimus,
1132 625 1292 684 sententiae

188 725 268 784 illius
292 723 415 800 patroni,
434 722 523 798 longe
544 721 691 780 validiora
713 720 832 794 eliciant
855 732 1037 798 argumenta
1064 724 1212 798 Quodne
1238 725 1292 784 ad·

189 826 322 885 mississe
338 823 514 894 videremur,
527 822 659 899 siugulis
674 823 736 881 fere
752 822 827 882 locis
844 823 1029 897 monuimus,
1048 825 1121 884 satis
1133 824 1185 884 diu
1195 827 1292 902 Assy·

188 925 300 983 riorum
318 923 464 982 exercitus
487 923 519 980 in
535 922 710 982 Palaestine
732 932 867 983 versatos
893 923 1004 997 luisse,
1034 945 1088 984 nec
1112 926 1202 985 semel
1225 933 1293 986 aute

188 1026 272 1102 ipses
288 1023 564 1099 Hierosolymorum
589 1033 693 1098 portus
717 1023 897 1084 constitisse.
916 1057 953 1068 -
970 1025 1055 1085 Haec
1073 1025 1169 1103 igitur
1193 1025 1293 1086 omniu

188 1127 241 1184 vix·
254 1124 426 1201 ampliorem
440 1125 770 1200 probautAssyriarum
781 1143 878 1183 rerum
893 1125 1100 1200 cognitionem,
1115 1145 1290 1204 quamquae

188 1227 225 1283 de
242 1225 431 1284 celeberrima
448 1233 477 1283 et
494 1224 701 1300 potentissima
717 1226 791 1283 urbe
807 1225 883 1284 inter
899 1245 1002 1285 omnes
1018 1227 1072 1284 illo
1090 1235 1223 1302 tempore
1238 1228 1293 1286 de·-

188 1327 279 1384 bebat
301 1333 438 1384 constare
448 1324 466 1383 ¹.
508 1326 555 1384 'Ac
583 1325 609 1384 si
631 1325 725 1384 multa
749 1334 811 1384 tarn
841 1325 938 1384 vivide
968 1335 1114 1403 apparent
1143 1326 1292 1402 descripta

188 1435 278 1503 etque
295 1435 363 1484 aute
381 1425 659 1501 oculoslegeutium
677 1426 793 1501 posite,
818 1425 904 1503 quasi
926 1425 991 1502 ipse
1016 1435 1100 1486 vates
1123 1445 1223 1486 eoram
1248 1426 1292 1486 vi·

189 1527 281 1586 disset
298 1526 398 1584 omnia
414 1525 614 1602 (Ewsnous):
641 1527 807 1586 recolamus
825 1534 959 1603 oportet,
979 1545 1029 1586 eas
1048 1527 1149 1586 referri
1167 1527 1290 1602 species,

189 1647 266 1704 quse
283 1647 336 1702 per
352 1625 496 1685 visionem
514 1626 613 1684 animo
631 1626 694 1684 eius
711 1627 894 1686 extrinsecus
912 1627 1019 1686 hausto
1030 1628 1149 1686 fuerunt
1163 1628 1290 1686 oblatae.

239 1727 346 1803 Neque
370 1743 442 1784 vero
467 1725 499 1782 in
516 1724 598 1784 hisce
620 1726 816 1800 argumentis,
841 1745 918 1802 quae
940 1726 1061 1786 iamiam
1085 1727 1290 1800 refutavimus,

189 1827 339 1904 acquievit
354 1827 528 1897 eversus,
554 1825 606 1886 sed
629 1825 733 1901 ipsum
744 1845 909 1898 sermonem
927 1844 1046 1902 quoque
1063 1827 1173 1885 babere
1188 1827 1291 1886 existi·

190 1927 293 1999 mavit,
311 1925 552 2004 quaeAssyriam
569 1926 699 1984 indolem
718 1927 840 1986 olerent.
871 1926 986 2000 Quoia
1004 1945 1110 2003 genere
1128 1927 1215 1986 effert
1231 1935 1292 1986 tres

188 2029 326 2101 voculas,
345 2047 421 2104 quae
438 2026 502 2086 sine
518 2027 608 2085 dubio
626 2028 772 2104 Assyrius
789 2036 901 2088 essent:
924 2041 990 2086 asu
1018 2029 1064 2101 ΙΙ,
1082 2032 1115 2101 8,
1139 2043 1240 2088 oswino
1262 2035 1295 2086 et

188 2143 304 2190 nasoon
339 2128 401 2200 III,
422 2131 467 2200 173
491 2136 523 2185 at
540 2128 614 2186 duas
631 2129 746 2204 priores
763 2129 858 2204 probe
876 2148 914 2187 ex
931 2129 1072 2189 Hebraeo
1086 2147 1224 2188 sermone
1239 2146 1292 2186 no-

190 2229 247 2288 tari
262 2248 353 2305 posse
369 2228 448 2286 iufra
464 2228 630 2288 videbimus
647 2228 715 2304 (cfr.
734 2249 760 2286 a
777 2230 828 2288 hh.
844 2229 907 2308 ll.)‚
933 2239 963 2288 et
984 2249 1076 2289 unum
1099 2230 1180 2305 quod
1199 2237 1293 2288 restat

189 2345 273 2390 auno
291 2328 358 2404 (oiri
376 2328 500 2407 ibidem)
518 2328 556 2385 ad
580 2347 701 2387 caussas
725 2347 817 2405 supra
840 2330 994 2406 expositas
1018 2329 1203 2388 referendum
1220 2329 1292 2398 erit3

190 2429 296 2488 deinde
314 2427 473 2504 singularis
491 2429 593 2486 suffixi
611 2428 724 2502 species
741 2421 873 2514 ³22,st
895 2449 915 2488 a
930 2429 1050 2504 poetico
1064 2448 1199 2488 sermone
1209 2449 1293 2504 repe·

190 2529 281 2590 tenda
298 2537 345 2588 est
359 2527 426 2604 (cfr.
443 2527 483 2585 ed
498 2528 544 2600 ΙΙ,
561 2530 615 2606 14).
635 2527 733 2600 „Tum
750 2546 821 2586 voro
839 2507 959 2606 bsseqni
984 2547 1043 2588 non
1070 2528 1202 2588 valemus
1220 2530 1293 2605 quid

190 2631 271 2690 hisce
294 2628 351 2690 sibi
374 2628 473 2687 verbis
489 2649 518 2687 v.
537 2629 585 2687 dd.
611 2628 751 2687 voluerit:
778 2647 859 2700 „aus
877 2630 931 2688 der
954 2629 1094 2704 Fassung
1118 2629 1170 2686 der
1187 2629 1294 2688 Warte

191 2731 236 2804 ΙΙ,
256 2737 269 2788 1
287 2730 379 2807 vergi.
396 2729 454 2788 Ies.
471 2729 545 2803 LH,
564 2733 580 2786 7
597 2728 675 2806 folgt
691 2731 769 2788 noch
785 2729 983 2803 bestimmter,
1002 2731 1073 2789 dass
1090 2749 1123 2788 er
1140 2729 1208 2788 sehr
1224 2728 1295 2788 weit

190 2851 249 2891 von
267 2831 434 2890 Jerusalem
460 2831 518 2889 und
535 2831 624 2889 duda.
640 2830 748 2889 redete.
786 2831 854 2888 wie
876 2831 1010 2908 dagegen
1033 2830 1080 2890 ein
1105 2831 1240 2906 Propbet
1262 2831 1294 2890 iu

189 2932 357 2992 Jerusalem
380 2939 457 2990 etwa
479 2951 529 2988 um
551 2930 681 2990 dissolbe
696 2931 762 2988 Zeit
777 2930 840 3006 (vel
861 2932 962 3008 potius
978 2931 1006 2990 L
1021 2931 1110 2990 annis
1124 2931 1216 3008 post)
1232 2949 1293 2990 von

190 3033 302 3092 Ninive
318 3032 406 3090 reden
425 3033 542 3103 vvt‘irde,
568 3032 657 3091 seheu
673 3031 729 3090 vvir
746 3051 800 3091 aus
817 3033 870 3090 der
884 3033 956 3092 sehr
972 3032 1202 3099 verschiedenen
1218 3031 1293 3092 Hele

191 3142 264 3209 tung
281 3132 333 3190 der
349 3134 455 3191 Worte
472 3131 548 3190 Ssef.
565 3133 611 3205 ΙΙ,
633 3136 692 3189 13-
704 3135 778 3203 15;“
802 3151 879 3210 quae
903 3135 996 3192 verba
1012 3151 1065 3190 nec
1082 3133 1157 3192 adeo
1168 3133 1293 3200 ,diversa

191 3241 260 3292 sunt
276 3232 343 3308 (cfr.
362 3233 400 3290 ad
417 3232 478 3302 Ill,
498 3235 544 3309 19)
561 3241 590 3290 et
607 3232 633 3290 si
651 3232 722 3308 quid
746 3232 902 3306 differunt,
927 3234 966 3291 ad
989 3233 1130 3306 temporis
1154 3240 1183 3290 et
1205 3233 1293 3307 scopi

190 3335 336 3392 rationem
353 3332 427 3391 satis
445 3330 592 3389 diversam
610 3333 666 3390 erit
682 3331 875 3391 referendum.
900 3335 953 3392 cfr.
978 3333 1056 3390 infra
1073 3351 1103 3407 p.
1116 3337 1160 3389 47.
1178 3365 1215 3374 -
1231 3331 1293 3390 Po·

191 3443 316 3507 stremo,
336 3433 417 3510 quod
434 3439 495 3490 tam
513 3433 634 3508 copiose
649 3439 735 3490 notet
746 3442 845 3492 vatem
858 3435 896 3492 de
908 3433 973 3494 sols
985 3432 1067 3492 Nino
1080 3420 1292 3506 fecue'uerba,

190 3555 280 3612 quam
297 3553 383 3595 nemo
401 3553 418 3592 e
434 3533 589 3608 prophetis
606 3531 770 3608 prioribus,
795 3534 848 3593 vix
866 3542 911 3594 est
929 3535 1009 3610 quod
1026 3534 1202 3606 refutemus,
1227 3552 1293 3594 oum

190 3635 222 3694 in
252 3635 419 3693 conditione
449 3633 570 3708 populi,
601 3633 702 3709 paullo
732 3643 803 3708 post
832 3635 951 3694 uberius
981 3633 1174 3710 explicanda,
1212 3635 1295 3708 posi·

191 3745 253 3795 tum
273 3735 370 3792 fuerit.

241 3835 271 3911 6)
298 3834 397 3908 Quare
415 3853 481 3892 cum
498 3835 709 3894 nihilomnino
728 3854 792 3894 esse
808 3834 1023 3910 intelligamus,
1041 3854 1101 3912 quo
1119 3833 1294 3892 vaticinium

190 3937 224 3996 in
238 3934 367 4010 Assyria
385 3934 494 3992 editum
511 3955 577 3996 esse
601 3937 823 4011 comprobetur,
849 3935 963 3994 accedit
975 3935 1113 4012 insuper,
1137 3935 1217 4011 quod
1239 3935 1293 3992 du-

191 4037 260 4094 dum
270 4034 393 4093 monuit
408 4031 640 4109 Ercnnoaurus,
665 4037 691 4112 ᾖς
705 4039 770 4094 385:
794 4037 868 4108 „das
892 4037 993 4108 Band,
1025 4036 1152 4094 welches
1177 4035 1229 4091 ihn
1253 4051 1292 4092 an

191 4119 237 4195 die¹
255 4137 382 4195 anderen
399 4133 523 4193 Dichter
540 4137 600 4192 und
618 4137 665 4195 die
680 4137 819 4196 friiheren
836 4137 1006 4213 Prophetes
1023 4137 1149 4212 kniipft,
1172 4135 1212 4194 ist
1235 4134 1294 4192 viel

242 4365 293 4414 Gfr.
311 4367 416 4416 Hiramu
433 4365 507 4428 proll.
529 4379 552 4426 p.
567 4363 624 4412 227.
643 4363 823 4413 Hssvuuurorur
840 4362 908 4413 Einl.
927 4363 968 4422 II,
988 4362 1010 4411 b.
1030 4377 1054 4424 p.
1067 4362 1125 4414 376.
