3126 5000
307 257 355 336 62
714 260 787 322 Gne.
802 263 848 336 Il,
868 283 895 322 v.
911 265 988 322 1-5.

308 447 413 518 untur,
437 445 528 522 quid?
559 445 640 523 quod
657 448 800 507 suburbia
824 445 885 506 iam
902 447 1050 523 ceperunt.
1083 461 1178 514 niatu
1197 443 1270 524 vici,
1292 451 1410 527 plateae

308 555 391 618 sunt,
410 565 505 623 neque
521 565 592 605 vero
610 548 706 624 campi
723 546 840 623 (lhuz,
857 548 991 625 Maced,
1012 566 1089 625 quae
1105 556 1240 624 potestas
1256 551 1340 610 unice
1356 573 1410 614 va·

307 647 349 705 let
364 647 455 706 Prov.
468 646 558 719 VIII,
575 651 626 718 263
649 648 823 707 coniunctae
838 649 918 706 hand
942 666 1011 707 raro
1033 648 1171 725 leguntur
1188 667 1254 707 cum
1280 667 1410 727 nustria,

306 747 433 822 plateis,
452 755 485 805 ut
501 755 604 805 nostro
621 747 688 806 loco
704 749 748 807 ita
764 749 816 807 Ps.
830 747 967 821 CXLIV,
987 751 1090 821 13.14;
1113 749 1182 806 Am.
1196 749 1221 822 I,
1244 755 1293 822 16;
1316 751 1408 810 Prov.

306 847 332 920 I,
350 851 398 918 203
422 846 473 922 qui
489 847 565 904 hanc
583 865 702 924 qnoque
718 867 820 908 vocem
842 848 941 908 locum
957 849 1112 925 aequalem
1129 858 1158 907 et
1175 851 1338 926 spatiosum
1355 871 1422 928 no·⁸

308 955 373 1006 tare
396 947 574 1006 contendunt
592 945 901 1027 (GREV1US,H1rz.),
926 949 1007 1008 omni
1029 957 1202 1026 argumento
1227 951 1301 1010 satis
1323 951 1409 1010 firmo

306 1047 520 1118 destituuntur3
544 1049 719 1124 propensius
742 1049 781 1108 ad
802 1049 956 1109 veritatem
972 1049 1119 1108 Hostum.
1144 1050 1200 1123 „in
1223 1051 1279 1110 riis
1296 1052 1408 1110 extrin-

306 1166 390 1206 secus
402 1147 539 1223 circaque
550 1147 589 1206 ad
601 1149 703 1208 urbem
716 1149 889 1209 ducentibus
897 1153 928 1223 “,
946 1157 1062 1209 secatus
1079 1149 1168 1208 LXX
1185 1142 1220 1210 ἐν
1239 1147 1314 1220 ταῖς
1334 1141 1408 1223 ἐξό·

307 1243 379 1320 doeg
408 1246 502 1324 (Ood.
521 1247 618 1306 Vatia.
638 1237 759 1328 ὃόοῖς).
798 1248 939 1310 Suburbii
963 1249 1041 1308 enim
1064 1249 1181 1326 plateas
1202 1249 1408 1327 intelligendas

306 1350 385 1409 infra
405 1348 579 1407 videbimus.
617 1365 699 1412 :nnn
722 1345 842 1423 tbbrtnr,
867 1351 920 1410 cfr.
938 1350 1041 1409 larem.
1054 1349 1166 1424 XLVI,
1184 1355 1200 1408 9
1206 1371 1215 1422 3
1239 1350 1315 1408 Poel
1333 1350 1407 1426 (cfr.

306 1451 358 1509 Ps.
374 1449 439 1522 011,
457 1453 488 1519 93
509 1447 584 1507 Coh.
597 1448 638 1522 Π,
656 1450 687 1527 2)
704 1457 734 1508 et
750 1449 905 1526 Hithpolel
921 1469 956 1510 eo
973 1452 1113 1510 recedunt
1129 1471 1148 1510 a
1164 1451 1286 1528 reliquis
1302 1451 1409 1511 formis

306 1550 389 1609 verbi
409 1543 484 1624 blut,
508 1549 589 1626 quod
613 1569 632 1608 a
653 1549 826 1626 splendendi
849 1558 879 1610 et
898 1551 1086 1627 superbiendi
1107 1551 1227 1610 notione
1246 1552 1355 1610 abeunt
1374 1552 1408 1610 in

305 1651 423 1710 affinem
439 1650 522 1708 illam
545 1650 688 1709 stultitiae
710 1659 799 1727 atque
814 1651 958 1711 insaniae.
995 1651 1129 1711 Insanire
1150 1660 1249 1711 autem
1270 1651 1410 1710 dicuntur

305 1769 425 1824 currus,
443 1750 585 1827 singulari
599 1751 752 1809 collective
770 1751 988 1828 comprehensi,
1007 1753 1045 1810 ob
1058 1753 1206 1828 ingentem
1217 1751 1406 1826 celeritatem,

306 1871 365 1930 qua
381 1853 438 1910 huc
454 1850 524 1908 illuc
540 1851 679 1923 avolant3
699 1870 818 1928 „supra
834 1853 993 1910 humanum
1011 1853 1073 1910 fere
1089 1871 1220 1925 morem,
1243 1853 1300 1912 erit
1316 1871 1406 1929 quae-

305 1952 373 2010 dam
395 1951 513 2010 insania
530 1951 671 2010 divinitus
694 1952 853 2011 immissa“
878 1952 1044 2011 oremus.
1082 1951 1252 2029 Simpliccm
1268 1954 1344 2011 hane
1361 1961 1406 2012 at-

304 2070 362 2129 que
378 2052 515 2109 idoneam
531 2051 695 2109 insaniendi
715 2051 974 2127 significationem,
992 2053 1195 2128 exemplorum
1207 2053 1329 2129 insuper
1345 2054 1406 2112 evi-

303 2151 403 2210 dentia
419 2151 535 2209 abunde
553 2153 775 2227 comprobatam
792 2151 859 2228 (cfr.
876 2151 982 2211 Ierem.
994 2153 1096 2227 XXV,
1116 2158 1163 2226 15,
1182 2153 1298 2226 XLVI,
1317 2158 1343 2226 9,
1368 2153 1405 2228 L,

302 2255 352 2325 38,
371 2251 426 2324 LI,
445 2253 492 2330 7),
515 2251 698 2328 reliquerunt
712 2251 802 2310 LXX
824 2240 1106 2334 συγχυθὴσοπαι,
1131 2253 1268 2313 Hisnou.
1289 2262 1406 2312 contur-

302 2353 365 2411 bati
383 2360 466 2424 sunt,
493 2352 531 2410 ob
553 2352 732 2412 venientium
748 2353 963 2412 multitudinem
986 2358 1019 2412 ut
1035 2363 1182 2430 nequeant
1198 2353 1339 2427 discerni,
1363 2365 1405 2414 te-

302 2452 411 2511 merius
429 2450 699 2526 diemsolemnem,
712 2452 914 2527 Summers,
932 2453 1060 2514 Sonam.
1073 2453 1133 2512 lex.
1146 2455 1305 2513 secundum
1321 2457 1405 2516 arab.

303 2539 357 2617 dle
375 2553 490 2626 excuti,
514 2552 668 2628 dissipari,
691 2559 785 2614 ruere.
815 2555 938 2615 Insania
959 2563 1057 2613 autem
1075 2555 1207 2615 ornatius
1225 2556 1350 2614 refertur
1366 2558 1406 2615 ad

301 2671 438 2711 curruum
462 2661 572 2711 motum
594 2653 707 2730 ipsum,
731 2673 820 2731 quam
843 2656 882 2713 ad
905 2663 1021 2714 actores
1039 2653 1186 2733 (Daue).
1204 2689 1242 2700 —
1266 2657 1406 2733 Amplius

301 2753 379 2810 idem
397 2753 529 2828 pingitur
555 2773 604 2811 rv.
623 2768 754 2818 omum
771 2768 946 2830 ttpwpnurt,
974 2756 1117 2815 cursitant
1137 2755 1169 2814 in
1186 2756 1302 2832 plateis.
1336 2773 1407 2834 pput

302 2851 366 2910 Ioel
376 2852 417 2923 II,
431 2857 447 2908 9
464 2852 547 2910 audit
564 2853 721 2926 cursitare,
740 2872 793 2912 nec
805 2853 937 2930 reliquus
949 2856 1031 2916 verbi
1048 2875 1120 2914 usus
1136 2856 1226 2916 aliam
1243 2857 1339 2916 innuit
1351 2877 1406 2935 po·

302 2960 452 3024 testatem3
471 2970 531 3010 non
545 2961 590 3012 est
601 2952 705 3029 igitur,
726 2953 807 3031 quod
821 2973 979 3032 sequamur
991 2955 1080 3014 LXX
1098 2947 1404 3039 συμπλακήσονται,

301 3052 437 3112 Hrunou.
463 3052 559 3113 collisi
580 3062 667 3126 sunt,
690 3053 818 3128 Ossan,
844 3055 911 3113 Ew.
933 3075 1043 3116 rennen
1068 3057 1131 3116 sich
1156 3077 1220 3130 um,
1246 3058 1405 3119 ueletiam

301 3151 481 3212 Onuvrnunr
500 3155 689 3230 „percutient
706 3174 813 3214 coxam
826 3155 865 3214 ad
877 3174 984 3215 coxam
997 3177 1069 3233 prae
1079 3157 1171 3217 nimia
1183 3158 1404 3220 festinatione.“

352 3254 386 3311 ln
411 3255 504 3313 altero
528 3257 659 3315 membro
682 3255 826 3315 fluctuant
847 3255 1053 3335 interpretes„
1069 3277 1198 3334 quonam
1220 3260 1404 3322 referendum

300 3355 340 3413 sit
365 3355 431 3413 suff.
449 3356 518 3412 fem.
536 3367 659 3431 tornum
690 3357 772 3414 nullo
790 3357 910 3433 negotio
928 3358 1024 3417 nodus
1047 3359 1203 3434 expeditur
1225 3379 1245 3418 a
1269 3359 1404 3437 Gnuvm,

302 3455 353 3531 qui
371 3454 526 3514 confestim
543 3455 646 3514 scribit
661 3469 797 3530 nuruum
819 3456 888 3530 alii,
907 3457 958 3534 qni
976 3477 1041 3517 cum
1058 3459 1173 3518 ratione
1191 3459 1291 3535 potius
1308 3470 1337 3520 et
1354 3464 1404 3522 de-

301 3554 474 3614 liberatione
497 3563 604 3632 ngunt,
630 3556 659 3633 1)
681 3556 720 3613 ad
740 3563 842 3615 currus
864 3557 1011 3631 referunt„
1036 3558 1152 3618 essen.
1171 3561 1261 3632 thes.;
1294 3569 1326 3621 at
1342 3579 1403 3624 :nu

300 3654 409 3731 ubique
426 3672 516 3714 masc.
530 3655 645 3730 generis
663 3663 726 3728 est,
743 3657 812 3715 fem.
831 3663 897 3715 cu'm
914 3659 1006 3717 totius
1024 3678 1127 3718 versus
1144 3661 1258 3719 ratione
1275 3672 1402 3739 pugnat3

300 3757 331 3834 2)
349 3755 452 3814 Meua.
470 3755 596 3813 neutrali
620 3774 709 3814 sensu
726 3773 782 3832 pro
804 3755 841 3815 iis
863 3758 952 3818 rebus
973 3759 1096 3836 aceipit,
1121 3781 1198 3838 quae
1220 3761 1252 3819 in
1269 3763 1404 3824 curribus

300 3855 429 3932 fulgent,
457 3861 547 3930 atque
568 3855 642 3913 adeo
667 3875 779 3914 meram
803 3857 933 3916 admittit
954 3861 1158 3936 repetitionem
1175 3881 1223 3920 rr.
1246 3863 1275 3919 'n
1290 3863 1317 3920 'a
1330 3875 1402 3922 uta:

300 3975 329 4014 v.
347 3961 380 4028 43
405 3957 436 4033 3)
453 3953 547 4013 satius
565 3963 624 4027 est,
648 3975 714 4013 cum
736 3955 955 4018 Hosuunauuo
973 3961 1141 4036 proximum
1165 3962 1238 4020 illud
1257 3963 1404 4039 respicere

301 4071 428 4120 nnuma:
446 4055 562 4131 plateae
580 4055 728 4130 continuis
745 4057 831 4134 quasi
847 4058 962 4119 facibus
979 4061 1091 4138 fulgere
1108 4061 1252 4120 videntur.
1278 4064 1404 4123 Absona

300 4163 345 4214 est
361 4156 536 4214 Mrouaums
553 4156 698 4216 sententia
721 4157 758 4216 de
780 4159 872 4218 oculis
894 4160 1019 4220 militum
1043 4162 1215 4223 ardentibus
1233 4163 1403 4240 cogitantis,

298 4273 393 4330 aeque
416 4275 451 4314 sc
468 4255 607 4314 Vnrnanr
624 4257 660 4316 de
677 4258 804 4334 pudore,
829 4277 888 4336 quo
908 4261 1066 4320 rubescunt
1082 4262 1275 4340 Assyriorum
1292 4264 1401 4324 vultus.
