3124 4988
486 271 511 345 ξ.
529 273 555 328 5.
583 269 633 327 Da
652 285 749 326 nasus
766 271 976 328 Assrnronun.
1199 287 1285 328 xnvn
1388 350 1391 358 Ι

183 448 350 529 Aegyp‘tios
381 462 450 511 tunc
481 454 559 512 bello
589 454 775 512 conflictasse
813 469 878 510 eum
909 453 1062 529 Assyriis,
1097 463 1287 516 monumenta

183 572 283 611 eorum
302 556 432 629 probant
440 555 457 611 ¹.

232 654 330 711 Medio
349 655 410 712 iere
427 673 451 712 s.
470 654 547 710 XIII
556 643 577 680 ¹⁰
596 671 642 711 res
660 653 854 729 Assyriorum
871 653 1042 712 immutatas
1060 672 1139 726 esse,
1164 673 1286 714 consen·

183 755 288 813 tientes
306 755 368 812 fere
383 764 513 812 veterum
527 754 705 829 scriptorum
718 753 878 812 sententiae
889 755 996 812 docent
1006 752 1024 812 Ι.
1052 755 1194 814 Traditur
1210 756 1287 814 enim

183 897 385 906 a—q——a--a-

184 1001 275 1063 notare
293 1015 424 1076 regionem
442 1015 605 1075 orientalem,
624 1020 670 1062 nec
689 1025 795 1074 usquam
813 1028 882 1062 mere
900 1013 1042 1074 significare
1060 1021 1132 1076 ante,
1149 1031 1225 1080 prae,
1243 1017 1287 1066 cir.

185 1097 250 1148 Gen.
269 1097 315 1159 IV,
335 1099 374 1146 26.
396 1101 406 1146 1
422 1096 491 1148 Sam.
510 1098 592 1158 XIII,
611 1099 634 1147 5.
653 1099 698 1146 ΕΖ.
717 1097 852 1157 XXXIX,
873 1098 911 1145 ll.
930 1095 1016 1146 Possit
1033 1106 1118 1148 autern
1136 1101 1287 1163 significatio

184 1183 242 1242 illa,
260 1198 336 1244 qnam
354 1182 456 1230 fuerunt
473 1184 517 1245 qni
535 1187 676 1232 statuerent
694 1181 816 1242 (Knosnu.
829 1180 882 1244 all.)
900 1183 1004 1231 omnino
1023 1185 1161 1246 cogitando
1179 1185 1288 1246 admitti,

184 1281 241 1314 cnm
258 1273 340 1332 Dipo
364 1267 395 1314 de
419 1274 535 1330 tempore
559 1266 654 1315 dietum
677 1267 819 1330 reperiatur
841 1265 885 1314 Ps.
902 1265 999 1327 XLIV,
1018 1270 1033 1316 2
1052 1269 1096 1316 all.
1121 1269 1175 1330 (cfr.
1194 1269 1288 1320 Gssxx.

184 1351 248 1400 thes.
266 1365 290 1400 a.
308 1353 350 1414 a),
368 1358 392 1402 et
403 1359 499 1417 antip
524 1349 627 1400 Habak.
651 1348 679 1410 I,
703 1350 719 1399 9
744 1356 831 1414 aperte
854 1352 940 1400 valeat
966 1351 998 1400 de
1020 1359 1094 1417 parte
1119 1354 1204 1402 annea
1233 1353 1288 1414 (eir.

184 1435 332 1484 Dannzscn.
346 1450 369 1484 a.
383 1436 407 1484 h.
420 1435 462 1496 l.);
481 1443 508 1484 at
525 1449 601 1496 vero,
619 1434 640 1482 si
659 1435 704 1483 illo
715 1433 845 1484 Geneseos
863 1436 920 1486 loco
941 1443 1008 1486 esset
1025 1437 1175 1498 statuenda,
1196 1437 1240 1486 ubi
1257 1437 1290 1487 de

185 1521 235 1568 situ
258 1519 390 1568 fluminum
413 1518 571 1582 disputatur,
601 1519 663 1566 satis
687 1518 779 1566 validis
808 1524 963 1581 argumentis
990 1522 1095 1572 deberet
1121 1521 1289 1586 comprobari.

186 1605 240 1652 Iam
259 1619 320 1652 vero
339 1611 421 1656 uinta
441 1601 463 1662 l)
480 1601 664 1665 antiquissimis
681 1603 837 1664 temporibus
855 1606 972 1668 proprias
990 1606 1110 1670 indigitat
1125 1606 1290 1667 Assyriorum

187 1687 261 1737 sedes
279 1693 350 1734 trans
360 1687 492 1750 Tigridem
510 1688 577 1736 circa
595 1692 731 1747 utrumque
740 1686 834 1748 Lycum
855 1690 917 1736 sitas
936 1688 971 1750 (id
989 1688 1057 1750 quod
1074 1688 1194 1751 probavit
1211 1687 1290 1736 Tuon.

185 1770 344 1834 l.l.p.1tt);
368 1772 394 1833 2)
417 1778 508 1835 postea
530 1770 645 1828 demum,
668 1768 728 1816 inde
755 1783 771 1817 a
793 1785 841 1818 see.
860 1770 973 1832 V111v0,
995 1771 1101 1835 patebat
1122 1771 1211 1831 latins,
1234 1785 1291 1820 enm

186 1855 401 1919 Mesopotamiam
420 1858 498 1904 etiam
516 1863 541 1904 et
550 1853 722 1917 Babyloniam
734 1853 900 1917 Mediumque
918 1861 944 1904 et
960 1855 1125 1906 Elamitidcm
1142 1855 1291 1918 complecte-

187 1947 268 2003 retur;
291 1954 341 2002 qno
365 1955 439 1990 sensu
463 1954 550 1989 rocem
574 1954 590 1988 a
612 1936 744 2002 prophetis
768 1940 885 2004 usurpari
911 1945 1024 2000 constat;
1048 1955 1096 1989 nec
1117 1941 1201 1988 minus
1223 1941 1292 2006 apud

186 2026 361 2075 Romanorum
380 2027 515 2090 scriptores
533 2024 627 2088 duplex
646 2024 694 2072 iste
712 2024 783 2073 verbi
801 2037 862 2072 usus
880 2023 1006 2086 reperitur
1026 2024 1079 2087 (cfr.
1098 2024 1199 2073 Wmnnr
1216 2023 1292 2074 R.W.

188 2126 210 2159 a.
224 2113 263 2174 a).
299 2109 456 2159 Potestatem
473 2110 552 2171 igitur
570 2107 749 2170 optionemque
768 2107 841 2156 nobis
858 2106 954 2155 factam
978 2121 1034 2156 esse
1056 2108 1185 2168 videmus,
1208 2115 1291 2157 utrum

187 2195 352 2243 nihilominus
377 2195 421 2242 illo
445 2199 558 2256 tempore
583 2191 733 2255 ampliorem
757 2193 829 2240 illum
851 2205 953 2240 sensum
975 2193 1085 2241 valuisse
1109 2194 1292 2250 existimemus,

189 2282 232 2344 qni
248 2280 334 2328 multis
352 2278 455 2327 demum
473 2278 562 2325 seculis
580 2282 638 2339 post
656 2278 798 2337 invenitur,
822 2288 855 2322 an
872 2277 998 2323 sermonis
1019 2291 1067 2324 usu
1087 2282 1113 2324 et
1129 2277 1230 2324 ratione
1247 2291 1293 2324 ne-

189 2365 272 2426 gleeta
284 2362 459 2410 difficultatem
477 2376 508 2409 ec
520 2359 643 2423 expedire
654 2360 787 2420 malimus,
806 2357 875 2420 quod
902 2351 931 2408 'rt
949 2351 977 2423 ’ρ
1014 2365 1156 2410 vertamus:
1186 2366 1245 2410 ante
1273 2375 1293 2408 s.

189 2449 225 2496 ois
249 2447 391 2508 Assyriam.
425 2443 509 2492 Nobis
532 2444 641 2506 primum
663 2443 727 2491 illud
749 2442 879 2507 praeferre
902 2442 982 2491 satins
1003 2441 1116 2505 videtur,
1143 2445 1294 2508 praesertim

189 2547 246 2581 cum
268 2537 372 2594 gentes,
396 2542 461 2591 quae
483 2527 540 2575 illas
563 2526 709 2576 incolebant
730 2529 861 2590 regiones,
884 2524 1042 2575 occidentem
1063 2542 1152 2578 versus
1175 2529 1294 2592 deinceps

190 2614 329 2665 tetendisse
353 2629 385 2662 ex
408 2613 466 2662 aliis
490 2625 591 2674 quoque
608 2612 732 2675 exemplis
749 2613 871 2676 probetur
887 2612 941 2674 (cir.
960 2611 1026 2662 Gen.
1044 2610 1127 2676 XIV).
1161 2615 1232 2677 Ergo
1248 2629 1293 2678 pu·
1322 2641 1330 2662 ι

190 2700 296 2749 tandum
314 2699 375 2758 erit,
394 2697 517 2759 Assyrios
535 2695 620 2744 seculo
637 2696 691 2745 fers
708 2697 798 2746 XVm⁰
816 2697 1020 2760 Mesopotamiae
1036 2705 1136 2758 partem
1154 2700 1294 2748 maximam

190 2786 317 2844 tenuisse,
342 2783 379 2830 ita
401 2788 430 2830 nt
453 2781 588 2844 ampliores
607 2796 696 2832 eorum
712 2783 777 2831 linea
794 2783 830 2831 eis
849 2780 981 2843 Tigridem
1000 2794 1077 2843 quam
1093 2783 1161 2832 ultra
1178 2784 1295 2832 extitisse

190 2870 325 2918 videantur
347 2867 400 2928 (cfr.
418 2866 542 2915 Hxnesrn
560 2865 578 2914 l.
591 2865 609 2912 l.
625 2882 651 2929 p.
663 2866 731 2929 261).
767 2866 815 2914 Cui
839 2867 981 2914 sententiae
1006 2868 1162 2916 contrarium
1185 2881 1240 2916 esse
1258 2875 1295 2917 te·

190 2967 260 3004 mere
283 2952 415 3002 contendit
431 2949 552 2998 Bnannrs.
570 2948 615 3000 11.
634 2965 658 3012 p.
671 2949 718 3010 65,
742 2949 811 3013 quod
828 2948 946 2998 Bsxosus
970 2950 1002 2998 ab
1025 2964 1094 2999 anno
1113 2951 1219 3001 1976-
1230 2954 1295 3002 1273

190 3037 244 3100 (eir.
263 3036 424 3087 Gnrscamon
441 3033 556 3082 tabulam
573 3045 589 3080 a
605 3030 744 3084 Bnnnursro
762 3033 902 3097 desriptam
914 3035 931 3082 l.
944 3035 961 3081 l.
980 3050 1005 3097 p.
1016 3034 1058 3094 17)
1076 3034 1210 3098 Babylone
1219 3036 1295 3086 chal·

192 3121 315 3170 daeorum
338 3126 364 3167 ct
388 3118 504 3168 Arabum
528 3130 601 3180 reges
625 3118 764 3181 imperasse
787 3117 866 3166 tradit
893 3117 947 3178 (cfr.
970 3115 1063 3165 Eurus.
1086 3117 1173 3166 chron.
1198 3133 1295 3168 armen.

192 3222 217 3269 p.
225 3203 282 3265 40);
305 3203 380 3252 facile
398 3202 466 3250 enim
483 3199 629 3262 Babylonia
645 3202 677 3250 ab
695 3202 861 3263 Assyriorum
879 3199 1056 3248 dominatione
1077 3207 1179 3263 poterat
1195 3215 1295 3263 vacare,

192 3304 249 3339 cum
265 3285 455 3351 Mesopotamia
472 3290 540 3332 esset
558 3283 679 3332 subiecta.

244 3375 270 3436 1)
288 3372 341 3422 Cir.
365 3368 392 3420 S.
411 3367 508 3418 Bmoxn
526 3364 710 3418 Observations
734 3381 768 3414 on
792 3367 835 3415 the
860 3365 1001 3417 Statisticsl
1025 3368 1106 3418 tablet
1128 3367 1158 3416 oi
1179 3367 1295 3431 Karnalr,

193 3457 377 3508 Transactions
395 3454 425 3504 of
440 3453 482 3502 the
500 3452 584 3514 Royal
601 3451 704 3513 Society
723 3450 754 3500 oi
766 3450 911 3500 Literatnre
928 3466 977 3500 ser.
988 3452 1031 3513 II,
1048 3469 1073 3516 p.
1083 3453 1142 3502 218.
1160 3453 1220 3502 317.
1237 3453 1295 3504 345.

194 3541 239 3590 eir.
257 3540 320 3590 Bor.
338 3542 356 3590 l.
368 3541 385 3592 l.
402 3557 427 3604 p.
437 3541 478 3590 61.
513 3536 663 3588 Notandum
686 3535 798 3586 maxime
822 3542 874 3596 est,
898 3535 968 3599 quod
989 3536 1120 3598 utriusque
1143 3537 1215 3598 regni
1231 3537 1295 3586 fines

195 3623 322 3687 lapidibus
345 3624 487 3686 consignati
510 3621 686 3672 deseribuntur
709 3620 783 3668 titulo
806 3619 919 3682 quodam
933 3618 1062 3669 Thothme
1078 3605 1148 3668 111'10
1165 3627 1296 3684 regnante,

195 3708 265 3756 euius
282 3707 362 3756 rerba
380 3709 415 3755 sic
432 3706 544 3756 reddidit
557 3706 675 3756 Burnus
693 3703 819 3763 (cinBon.
839 3704 856 3752 l.
869 3705 885 3755 l.
904 3703 1022 3766 ibidem):
1042 3703 1165 3768 ,Nenjim
1183 3707 1210 3754 in
1228 3712 1296 3770 stop-

195 3792 258 3855 ping
275 3817 308 3826 -
325 3791 401 3840 when
419 3791 459 3839 bis
477 3792 588 3856 Majesty
606 3803 677 3840 came
694 3788 726 3838 be
744 3795 784 3838 set
800 3803 833 3851 up
851 3788 890 3836 his
908 3787 989 3836 tablet
1005 3795 1032 3836 to
1050 3789 1154 3850 enlarge
1177 3788 1220 3837 the
1238 3805 1297 3840 con-

196 3875 259 3924 fines
277 3873 308 3924 of
322 3872 391 3922 Kam
407 3874 544 3938 (Egypt.).“
580 3874 682 3937 Assyrii
704 3879 837 3936 praeterea
855 3873 958 3921 nomine
976 3869 1066 3920 Sehari
1083 3873 1109 3920 in
1127 3874 1297 3921 monumentis

196 3959 332 4023 Aegyptiis
355 3957 441 4006 afferri
462 3965 584 4022 putantur
606 3973 621 4007 a
644 3957 834 4008 cumennora
857 3961 883 4004 et
901 3956 1082 4015 anmsonro,
1103 3955 1149 4004 cfr.
1172 3956 1296 4004 Heraens.

197 4044 263 4106 Aeg.
276 4059 300 4092 u.
313 4043 337 4092 d.
350 4042 399 4092 Bb.
412 4043 494 4092 Mosis
511 4057 536 4106 p.
550 4043 612 4102 2093
630 4041 751 4090 Bracaros
768 4047 853 4088 autem
870 4038 925 4100 (eir.
943 4038 1005 4088 Lar.
1015 4036 1133 4086 Nineveh
1150 4055 1174 4102 p.
1188 4039 1238 4088 394
1254 4039 1297 4097 ss.)

198 4125 277 4188 Syros
294 4127 379 4190 potius
397 4142 427 4175 eo
445 4126 548 4175 nomine
560 4126 697 4186 significari
709 4125 846 4174 existimat.

249 4209 275 4272 2)
293 4210 347 4260 Gir.
365 4211 491 4260 Hormus.
510 4210 623 4258 exercitt.
636 4208 734 4257 Herod.
747 4207 772 4268 I,
784 4209 826 4258 45.
836 4208 877 4256 50.
895 4205 944 4266 ΙΙΙ,
963 4206 1005 4254 35.
1022 4203 1133 4254 Batnon
1151 4205 1168 4254 l.
1180 4205 1197 4254 l.
1218 4221 1243 4269 p.
1254 4204 1297 4256 56.

199 4294 329 4344 Duncxsnr
347 4295 497 4347 Gesebicbtc
515 4294 560 4344 des
579 4291 738 4342 Alterthums
756 4291 783 4350 I,
800 4307 824 4354 p.
837 4289 894 4339 353.
