3126 5000
256 249 303 318 52
669 252 743 313 Chr.
756 254 803 328 II,
823 274 849 312 v.
866 258 941 312 1-5.

255 437 423 515 imperativi
442 435 555 496 vicibus
571 436 776 514 Iungentem¹3
798 446 901 498 contra
919 435 1065 496 Hermu.
1082 445 1129 496 est
1147 440 1159 492 i
1178 444 1273 512 praet.
1290 435 1358 496 Ni:

256 541 396 599 obsessus
409 547 470 610 est,
485 551 587 602 nitro
601 546 699 596 autem
711 539 897 598 accusatIvus
910 536 1112 597 instrumenti:
1126 537 1360 609 „umschriinket

255 640 332 699 wird
349 657 408 698 von
425 636 614 698 Schanzwall
631 655 688 715 eng
701 643 770 712 er,“
787 639 878 716 idque
893 637 960 696 ideo
978 637 1122 709 maxime,
1141 637 1222 714 quod
1239 653 1358 710 rtrum,

255 740 381 811 vallum,
404 755 464 796 non
488 747 728 814 oppugnatarum
750 739 883 812 urbium,
911 739 963 798 sed
987 736 1220 814 oppugnantium
1245 741 1359 796 exerei-

256 854 338 898 tuum
361 857 426 898 ease
448 838 613 910 contendit3
635 839 725 915 longe
740 841 839 899 verius
855 839 1086 898 Dauuzscfflus
1108 837 1259 896 notionem
1275 839 1359 898 verbi

255 939 413 1017 descripsit
434 938 474 996 ad
495 937 633 1012 Hah.II,
660 945 690 996 12
730 953 831 1012 „urse
845 936 893 1020 (=
901 936 1020 1018 nurse)
1041 939 1082 998 ist
1106 938 1160 996 der
1182 937 1360 998 Einschluss

256 1041 329 1098 oder
350 1038 526 1099 Umsehluss
549 1039 630 1097 einer
651 1037 754 1112 Stadt,
778 1039 866 1100 theils
888 1057 947 1098 von
973 1037 1072 1099 Seiten
1097 1038 1177 1098 ihrer
1193 1038 1360 1098 Bewohner

255 1142 347 1199 durch
370 1139 589 1215 Ringmauern,
618 1139 706 1198 theils
727 1158 788 1198 von
812 1137 912 1200 Seiten
937 1140 989 1199 des
1012 1139 1139 1199 Feiudes
1163 1138 1218 1197 mit
1233 1138 1359 1216 Belage-

255 1240 456 1318 ruugswdllen
471 1240 530 1298 und
543 1239 896 1317 Belagerungsthdrmen,
913 1239 1006 1299 daher
1022 1239 1177 1316 allgemein
1195 1239 1243 1297 die
1255 1239 1357 1313 Veste,

255 1342 467 1401 inshesondere
484 1341 536 1398 der
551 1339 681 1399 Wacht·
698 1341 771 1398 oder
787 1338 982 1416 Spththurm3
992 1346 1011 1374 “
1029 1341 1082 1399 cfr.
1098 1355 1201 1405 rurum
1216 1355 1287 1418 ἣν,
1303 1357 1359 1416 op-

255 1441 328 1519 pida
350 1440 463 1500 munita
484 1439 615 1500 iParaI.
629 1438 714 1514 XIV,
732 1444 766 1513 53
790 1441 852 1513 XI,
873 1445 1041 1513 10.11.23;
1066 1439 1144 1513 XII,
1161 1445 1193 1511 43
1217 1440 1312 1513 XXI,
1330 1444 1358 1500 3.

255 1541 339 1601 Nihil
356 1549 402 1600 est
419 1549 532 1614 autem,
550 1542 631 1619 quod
649 1560 714 1600 eum
731 1539 876 1600 Tucnm'
891 1542 928 1600 de
944 1543 1077 1602 turribus
1094 1540 1256 1618 rogitemus
1274 1541 1358 1614 solia,

255 1640 430 1720 praesertim
447 1661 512 1700 cum
529 1642 683 1719 sequentia
700 1661 819 1720 quoque
835 1643 956 1700 nomina
971 1642 1061 1702 latius
1076 1650 1209 1717 pateant.

306 1744 412 1802 Altera
427 1761 532 1802 versus
548 1761 620 1818 pars
643 1743 737 1802 trihus
761 1742 946 1818 imperativis
963 1744 1132 1814 conficitur3
1155 1741 1258 1802 durius
1279 1742 1359 1801 enim

255 1863 312 1921 pro
328 1842 483 1903 infinitivis
499 1843 691 1919 accipiuntur.
716 1843 878 1918 (Hminem,
896 1843 1017 1902 Mtlrcx.
1030 1841 1096 1921 alI.)
1137 1841 1289 1902 Custodiis
1306 1863 1359 1919 per

256 1944 437 2002 munimenta
452 1945 527 2002 bene
543 1943 714 2019 dispositis,
733 1952 888 2002 accuratae
905 1944 1110 2003 observandae
1126 1952 1196 2012 sunt
1211 1941 1294 2016 viae,
1311 1941 1360 2003 vel

257 2045 365 2122 quibus
371 2042 495 2103 subdole
505 2043 600 2102 irruat
605 2044 700 2103 hostis
709 2044 843 2122 (M1cn.),
849 2042 897 2101 rel
909 2042 1016 2120 quibus
1027 2044 1257 2121 appropinquet,
1268 2053 1302 2102 ut
1315 2040 1360 2102 illi

257 2144 377 2204 obviam
394 2162 459 2202 cum
478 2142 609 2201 exercitu
626 2144 791 2220 procedant
806 2143 997 2221 (sinsus).
1017 2157 1111 2204 uerno
1133 2157 1204 2221 ptri,
1224 2145 1360 2203 conforta

255 2245 389 2316 lumbos,
406 2244 426 2303 i.
436 2262 462 2303 e.
474 2251 612 2320 paratum
629 2253 659 2303 te
670 2245 759 2302 redde
772 2243 811 2302 ad
824 2244 1025 2304 sustinendam
1038 2261 1185 2320 pugnam
1202 2244 1234 2302 in
1251 2244 1360 2304 lumbis

256 2346 334 2404 enim
357 2345 474 2404 roboris
498 2345 582 2404 sedes
600 2352 646 2404 est
662 2344 783 2404 Deuter.
798 2343 923 2418 XXIII,
944 2349 991 2418 113
1021 2341 1124 2420 lReg.
1138 2343 1215 2414 XII,
1234 2349 1281 2417 103
1305 2345 1358 2406 ΡΒ.

256 2445 376 2518 LXIX,
400 2449 448 2517 243
474 2445 528 2502 Er.
548 2445 675 2519 XXIX,
699 2450 725 2504 t.
768 2445 902 2505 Eandem
926 2445 1101 2506 sententiam
1125 2444 1185 2504 alia
1207 2454 1361 2522 postremo

256 2547 347 2606 verba
363 2545 547 2622 exprimunt=
569 2561 632 2606 rtem
654 2561 697 2605 nn
718 2559 798 2619 γῠιι,
817 2547 959 2605 confirma
975 2546 1067 2604 robur
1083 2561 1270 2622 magnopere.
1297 2545 1360 2606 Gur

256 2646 418 2705 maioribus
434 2646 548 2706 vicibus
564 2652 650 2722 egeat
666 2663 756 2721 quam
781 2646 871 2720 alias,
896 2655 1037 2724 sequente
1060 2646 1212 2706 enuntiato
1229 2647 1360 2706 declara·

256 2755 318 2804 tur:
352 2745 436 2804 Deus
459 2746 537 2804 enim
560 2746 626 2821 ipse
650 2751 710 2817 est,
737 2744 820 2805 cuius
844 2747 988 2806 ministris
1009 2747 1055 2805 illi
1080 2756 1298 2823 oppugnantur.
1320 2781 1357 2791 -

255 2843 411 2905 Eiusmodi
428 2853 526 2902 autem
543 2844 796 2920 interpellationes
813 2847 884 2924 quid
902 2848 960 2906 sibi
976 2849 1085 2919 velint,
1108 2855 1246 2908 accurate
1262 2867 1357 2924 expo·

256 2945 317 3004 suit
339 2945 505 3004 Rurnnrns
527 2945 723 3018 Turrrsnsrs,
748 2965 815 3005 cum
838 2945 961 3007 diceret:
996 2956 1093 3022 „sunt
1116 2948 1192 3008 istae
1214 2949 1357 3008 eiusmodi

256 3045 435 3118 sententies,
459 3046 563 3123 quales
584 3045 768 3122 grammatici
791 3047 855 3108 sive
871 3049 1005 3108 rhetores
1029 3049 1282 3109 concessivas
1304 3068 1357 3126 ap·

255 3145 384 3222 pellant,
407 3146 510 3223 pulcro
527 3145 686 3206 locutionis
703 3147 791 3206 modo
808 3149 852 3208 ita
869 3167 901 3208 se
918 3151 1074 3223 hahentes,
1097 3157 1131 3207 ut
1147 3157 1182 3207 et
1202 3150 1240 3208 in
1261 3167 1357 3208 com·

255 3247 436 3322 pulsione
457 3248 696 3324 prohibeant,
720 3249 809 3308 etin
826 3250 1091 3326 prohibitione
1114 3251 1355 3326 compellant.

256 3346 341 3422 Quae
358 3357 454 3408 tamen
472 3369 508 3407 ne
525 3367 585 3407 non
600 3347 767 3408 intellectae
782 3349 991 3426 persuasiones
1013 3369 1079 3410 esse
1096 3350 1265 3424 videantur,
1290 3370 1358 3427 per·

256 3447 352 3507 mixta
368 3457 437 3508 sunt
453 3449 555 3526 aliqua
570 3449 679 3521 verba,
703 3466 780 3526 quae
796 3451 951 3512 manifeste
967 3458 1135 3528 repugnant
1150 3449 1218 3527 (cfr.
1235 3451 1295 3524 III,
1315 3457 1356 3510 14.

258 3549 322 3626 15),
351 3567 404 3621 ne,
428 3549 509 3627 quod
539 3549 661 3622 dieitur,
691 3550 844 3612 audientes
865 3552 1005 3628 imperari
1028 3552 1076 3610 vel
1103 3552 1275 3627 persuaderi
1302 3572 1355 3628 pu·

255 3653 393 3707 tent.“—
407 3649 530 3724 Quanta
539 3649 599 3710 iam
612 3649 746 3708 immittet
761 3671 859 3710 rerum
873 3654 1012 3712 mutatio!
1029 3671 1154 3730 quorum
1169 3661 1358 3712 monumenta
1384 3695 1387 3702 ·

254 3748 366 3806 areium
383 3749 445 3808 suis
462 3748 556 3825 copiis
573 3748 736 3808 disutarum
758 3750 936 3828 imaginibus
958 3753 1094 3827 horrent,
1118 3771 1244 3830 quorum
1261 3771 1356 3830 reges,

256 3847 334 3906 utin
353 3848 554 3908 columnarum
571 3848 666 3908 tituds
682 3849 846 3926 iactantur,
869 3855 1034 3916 sexcenties
1057 3854 1146 3931 longe
1162 3854 1280 3931 lateque
1301 3855 1356 3912 im·

254 3949 330 4024 perii
353 3949 538 4026 protulerunt
558 3951 647 4022 fines,
671 3983 706 3994 -
729 3951 767 4011 iis
792 3953 950 4014 exitiosum
975 3974 1053 4015 nunc
1076 3955 1186 4014 bellum
1204 3955 1357 4014 moenibus

253 4050 489 4126 propulsandum
506 4058 560 4110 est.
985 4048 988 4052 ’

254 4147 454 4161 fl-—ufl———un

308 4193 334 4253 1)
350 4192 405 4243 ctr.
422 4192 528 4244 (Imma
543 4191 668 4258 Lehrgeb.
686 4192 777 4256 5209,
794 4199 824 4257 3,
841 4211 869 4258 o,
886 4213 910 4262 p.
924 4197 982 4246 783.

307 4279 334 4341 2)
351 4276 494 4329 Comment.
511 4276 623 4328 deliine
641 4278 703 4328 urhe
720 4292 744 4342 p.
757 4280 798 4328 52.
