3126 5000
261 317 308 386 54
674 323 749 384 One.
762 325 807 398 11,
825 345 853 383 v.
870 327 946 382 1-5.

258 507 316 567 les.
333 507 387 581 IV,
405 512 421 565 2
439 526 495 582 ss,
514 516 565 569 aut
582 509 750 586 superbiam
767 510 879 586 ipsam,
902 507 1017 580 antid,
1041 486 1187 586 quo'quis
1204 507 1361 586 gloriatur.

261 611 295 687 1)
321 607 547 685 Superbiam
589 609 679 686 igitur
713 619 748 668 et
783 610 921 669 fastum
963 611 1002 688 a)
1025 608 1241 668 subiectivo
1272 629 1362 669 sensu

258 709 373 785 accepit
397 708 569 768 Occursus:
599 718 766 783 „maturum
789 729 855 770 esse
879 719 994 786 tempus
1016 708 1110 767 exitio
1131 709 1214 768 urbis
1240 709 1361 783 Ninive,

259 810 331 886 quia
345 809 406 868 iam
423 808 496 870 satis
514 829 661 888 superque
677 810 791 870 subacti
815 818 885 870 suut
901 818 931 870 et
953 808 1099 867 humiliati
1121 809 1267 881 Iudaei;“
1295 811 1361 870 sim.

258 909 410 982 Hraa01v.‚
441 910 577 984 Manem,
607 910 785 982 Knurnsun3
818 910 1012 986 interponunt
1040 927 1111 986 ergo
1142 910 1359 987 syllogismum,

258 1017 349 1087 atque
365 1010 440 1068 adeo
457 1029 615 1070 nervosum
632 1011 766 1072 ordinem
779 1011 989 1071 sententiarum
1003 1009 1170 1082 offendunt3
1189 1009 1294 1068 deiude
1310 1031 1363 1070 ue·

259 1109 375 1188 gliguut
387 1110 512 1170 alterum
525 1130 628 1171 versus
641 1113 818 1184 membrum,
837 1112 916 1188 quod
930 1131 989 1169 nou
1002 1110 1223 1186 praepositione
1241 1127 1290 1190 tq,
1309 1111 1363 1170 sed

259 1210 400 1288 copula]
430 1212 549 1270 deberet
570 1211 700 1284 annecti3
723 1219 874 1288 postremo
904 1211 977 1271 haec
1007 1209 1166 1286 explicatio
1196 1230 1290 1290 aeque
1315 1221 1362 1271 est

258 1311 352 1372 futilis
369 1292 458 1389 quam
474 1331 594 1386 omnes,
620 1331 696 1390 quae
720 1331 739 1370 a
763 1311 920 1371 transitiva
942 1318 1091 1386 potestate
1107 1311 1189 1380 verbi
1211 1328 1274 1377 :nn
1295 1331 1361 1372 sus·

257 1412 435 1487 penduntur.
460 1411 560 1486 Quare
585 1431 644 1470 non
667 1413 764 1470 miuus
788 1412 991 1488 improbamus
1015 1429 1117 1470 sorum
1140 1411 1359 1488 interpretatio·

259 1530 340 1584 uem,
366 1513 417 1588 qui
439 1512 473 1588 b)
491 1512 717 1571 obiectivum
740 1513 896 1590 superbiae
913 1531 1031 1572 sensum
1054 1513 1270 1588 praetulerunt:
1293 1533 1360 1582 eam

259 1612 444 1687 superbiam,
466 1631 556 1690 quam
579 1612 682 1671 Iudaei
706 1614 744 1672 ab
767 1613 903 1690 Assyriis
932 1612 1049 1688 experti
1079 1613 1154 1686 sint,
1180 1613 1358 1686 Turonos„

259 1711 402 1787 (irarum,
427 1711 543 1785 Giton,
567 1713 690 1772 Knasn.
716 1715 748 1792 2)
769 1713 994 1774 Transeundum
1011 1723 1057 1773 est
1072 1712 1163 1790 igitur
1179 1715 1218 1773 ad
1234 1714 1360 1773 alteram

257 1833 286 1870 v.
309 1826 372 1888 tirsi
391 1813 556 1872 notionem:
586 1813 638 1886 id,
670 1832 740 1890 quo
763 1814 847 1891 quis
871 1813 1074 1890 gloriatum
1098 1833 1191 1891 eaque
1215 1815 1360 1891 exemplis

258 1913 448 1988 amplissimis
477 1915 707 1973 commendatur.
743 1916 848 1972 Amos.
873 1914 934 1987 VI,
959 1918 975 1971 8
998 1915 1041 1974 ³¹¹2
1070 1914 1220 1990 significat
1243 1934 1360 1976 omnem

258 2013 521 2089 magnificentiam,
549 2035 608 2092 qua
630 2032 716 2073 sacra
732 2014 790 2072 Dei
813 2032 886 2090 gens
909 2023 1015 2074 ornata
1037 2020 1097 2086 est;
1121 2034 1197 2091 quae
1219 2017 1360 2093 quoniam

257 2133 276 2172 a
297 2113 365 2171 Deo
390 2115 460 2172 data
484 2121 546 2186 est,
574 2113 633 2189 ipsi
650 2113 716 2172 Deo
739 2114 796 2172 hoc
820 2133 929 2172 nomen
959 2114 1098 2174 tribuitur
1118 2115 1190 2174 ibid.
1213 2116 1304 2189 VIII,
1327 2121 1344 2174 7
1350 2139 1360 2189 ;

256 2213 369 2289 primus
390 2222 489 2273 autem
510 2213 594 2273 locus
617 2214 693 2272 inter
715 2213 836 2275 Israelis
857 2215 1014 2291 privilegia
1039 2235 1143 2275 sacrae
1175 2226 1271 2276 terrae
1298 2227 1359 2289 est3

257 2333 350 2390 quare
371 2315 420 2374 vel
442 2333 478 2373 ee
500 2315 669 2390 appellatur
690 2313 779 2375 decus
804 2315 906 2374 Iacobi
929 2315 981 2374 Ps.
1003 2315 1135 2388 XLVII,
1159 2319 1185 2376 5.
1212 2316 1296 2375 Nihil
1313 2328 1360 2376 est

255 2433 342 2487 vero,
373 2415 454 2491 quod
483 2415 522 2474 ad
553 2416 711 2491 specialem
734 2416 812 2474 hanc
834 2415 1080 2492 significationem
1104 2418 1248 2476 sententia
1274 2418 1359 2477 verbi

255 2515 463 2592 restringatur3
481 2515 541 2574 imo
559 2516 764 2590 Tnnnovrun,
781 2517 957 2576 Lurnnsuu
966 2517 1005 2593 ¹),
1019 2515 1249 2576 Sonnmnanun
1266 2519 1359 2578 secuti

256 2634 357 2676 omnes
374 2616 565 2693 intelligimus
582 2617 724 2689 virtutes,
748 2636 825 2693 quae
849 2635 887 2675 ex
905 2616 1046 2676 electione
1063 2617 1164 2677 divina
1184 2617 1218 2676 in
1243 2637 1358 2678 sacram

253 2725 370 2793 gentem
387 2718 607 2788 redundabant,
631 2726 660 2775 et
683 2717 790 2793 quibus
813 2717 1006 2776 sacerdotalis
1023 2717 1086 2778 eius
1104 2718 1244 2796 regiaque
1262 2719 1358 2796 digni·

254 2825 301 2874 tas
319 2817 492 2874 cernebatur
515 2817 568 2874 cir.
587 2817 685 2874 Exod.
704 2817 798 2889 XIX,
816 2823 841 2874 6.
868 2816 951 2877 Deus
977 2826 1091 2892 autem,
1117 2818 1143 2878 si
1166 2819 1205 2877 ad
1227 2819 1357 2896 aliquem

253 2916 425 2988 revertitur,
445 2935 510 2974 cum
527 2916 625 2994 gratia
645 2936 700 2976 sua
716 2925 806 2993 atque
822 2917 956 2993 potentia
972 2919 1145 2991 revertitur3
1164 2937 1235 2996 ergo
1253 2939 1358 2981 sensus

254 3017 397 3097 epuntiati
414 3017 461 3074 hic
477 3013 539 3076 fere
556 3024 617 3076 est:
640 3017 788 3078 Dominus
805 3025 922 3094 gentem
947 3037 1047 3092 suam,
1072 3039 1149 3096 quae
1174 3019 1357 3098 aliquamdiu

253 3102 291 3176 ab
310 3113 345 3176 eo
363 3111 504 3177 destituta
517 3118 687 3192 videbatur,
706 3137 772 3177 cum
789 3118 924 3178 hostibus
942 3128 1020 3178 esset
1032 3121 1165 3193 subdita,
1183 3121 1355 3198 propediem

251 3218 294 3278 ita
310 3218 486 3292 vindicabit,
511 3228 544 3278 ut
566 3219 723 3279 manifesto
746 3227 905 3295 appareat,
931 3239 997 3278 eam
1022 3239 1087 3280 esse
1110 3221 1232 3300 electam
1256 3222 1353 3280 adeo

251 3335 324 3394 prae
341 3321 477 3378 omnibus
494 3320 630 3397 gentibus
641 3328 677 3380 ¹et
693 3320 733 3379 ad
750 3339 865 3379 sacrum
884 3320 946 3380 eius
963 3319 1109 3396 peculium
1133 3321 1310 3381 destinatam
1319 3321 1355 3400 ἵ).

286 3517 311 3574 1)
327 3515 458 3564 Lernaeus
470 3513 497 3562 iu
508 3513 627 3576 versione
638 3513 740 3576 quidem
752 3513 866 3564 exbibet:
879 3528 925 3575 „er
938 3515 1030 3578 vergilt
1041 3513 1084 3565 die
1097 3514 1221 3566 Hoffahrt
1233 3513 1355 3578 Isoobs;“

251 3597 297 3646 sed
314 3598 341 3646 in
358 3597 541 3646 commentario
559 3605 702 3647 asseverat:
721 3598 794 3659 „Iam
806 3605 891 3648 autem
904 3600 974 3648 venit
990 3605 1103 3664 tempus,
1121 3614 1172 3664 quo
1184 3601 1268 3664 gloria
1282 3599 1356 3662 regni

250 3680 327 3730 Iacob
345 3686 371 3729 et
387 3679 454 3729 Iuda
476 3679 583 3742 redibit,
605 3697 658 3730 non
680 3683 788 3746 amplius
810 3682 939 3745 affligetur
959 3683 1039 3745 Iuda,
1064 3683 1109 3733 sed
1132 3684 1268 3746 gloriosius
1292 3684 1354 3744 erit,

250 3771 326 3827 atque
344 3767 382 3813 ita
398 3763 517 3827 superbia
534 3764 660 3827 significat
677 3765 718 3814 hio
734 3765 856 3828 gloriam,
874 3781 1007 3831 pompam,
1025 3765 1200 3830 splendorem,
1219 3773 1245 3816 et
1256 3767 1354 3830 magni·

250 3849 363 3898 tudinem
380 3848 453 3910 regni
471 3861 517 3896 seu
533 3846 663 3910 decorem,
682 3849 709 3898 id
727 3850 795 3914 quod
807 3856 877 3914 patet
888 3852 967 3900 etiam
979 3865 1012 3900 ex
1024 3851 1109 3902 Exod.
1124 3851 1184 3912 XV,
1202 3851 1247 3900 ubi
1264 3850 1355 3900 eadem

250 3947 301 3982 vox
318 3939 358 3982 est
375 3933 402 3980 in
419 3931 545 3994 hebraeo,
562 3933 674 3995 glorioso
692 3935 869 3996 magnificatus
887 3942 933 3986 est.

260 4037 262 4042 ·
283 4017 310 4079 2)
329 4018 405 4080 ,WIc
422 4031 450 4066 er
467 4016 523 4065 hier
540 4016 648 4080 gethan,
671 4033 700 4068 so
717 4019 752 4068 ist
769 4021 824 4068 sein
842 4019 918 4068 Thun
937 4021 1093 4083 immeriort3
1110 4021 1163 4072 und
1187 4020 1252 4080 nach
1266 4021 1353 4086 jedsm

249 4101 352 4172 solebeu
370 4099 446 4164 Siege
464 4100 570 4150 schenkt
588 4116 616 4150 er
632 4117 680 4152 uns
702 4117 778 4151 unser
795 4103 864 4153 Erbe
888 4105 954 4154 aui's
970 4105 1057 4166 Neue,
1080 4106 1130 4154 den
1148 4103 1219 4156 Stolz
1236 4105 1352 4156 dakob's.

249 4183 285 4233 So
303 4185 351 4233 soll
368 4185 432 4234 auch
446 4186 520 4251 jeder
538 4201 602 4235 neue
619 4187 750 4250 gelstliche
766 4187 828 4252 Sieg
845 4188 904 4238 dem
917 4187 1002 4238 Volke
1020 4187 1112 4239 Gottes
1136 4189 1178 4238 die
1195 4187 1350 4240 Gewissheit

248 4267 331 4317 seiner
347 4269 505 4333 Erwihluug
521 4271 573 4320 und
591 4271 655 4321 aller
666 4271 873 4334 Verhsissungen
891 4271 935 4320 des
947 4272 1032 4321 Herrn
1045 4271 1246 4335 wledergeben.¹‘
1277 4273 1308 4323 0.
1319 4287 1351 4322 ns

249 4351 375 4402 Gsnmcu.
395 4353 428 4402 ad
447 4353 488 4402 Ps.
507 4354 621 4415 XLVII,
641 4357 663 4406 5.
