3122 5002
628 298 701 359 Cur.
714 299 774 373 ΠΙ,
793 316 821 361 v.
835 305 861 360 l.
995 381 997 385 ι
1246 299 1292 370 97

192 499 300 557 magno
327 481 473 557 supplicio
497 481 683 554 narrabitur,
716 483 815 541 statim
849 484 881 542 in
909 484 1077 561 exemplum
1105 487 1295 562 adducaris,“

191 581 377 640 Mnuocnrus
384 601 392 652 3
418 600 473 640 nos
495 581 571 640 fere:
602 582 642 639 du
668 582 754 640 sollst
778 585 994 660 exemplarisoh
1017 586 1144 646 bestraft
1165 589 1295 650 werden.

192 681 255 740 cfr.
273 682 325 738 ΕΖ.
343 679 497 754 XXVIII,
517 686 562 739 17:
589 681 642 754 „in
665 689 773 740 terram
792 692 821 742 te
837 685 992 760 proiioiam
1010 703 1111 744 coram
1126 687 1247 764 regibus
1265 699 1295 750 et

191 781 307 840 badam
324 788 353 838 te
370 781 409 838 ed
425 781 595 841 intuendum
612 785 662 840 te“
680 790 736 852 ct,
760 797 798 854 ru
812 779 905 847 ΜΗ)
922 801 1033 858 arnna·
1051 786 1200 863 Exempla
1218 790 1294 850 sius·

190 881 272 940 modi
298 881 385 956 plura
407 882 577 957 suppeditat
598 881 638 940 N.
662 881 714 953 T.,
745 881 836 942 veluti
858 884 963 946 Matth.
987 887 1021 956 Ι,
1041 891 1086 942 19:
1112 879 1159 968 μὴ
1181 881 1294 950 θέλων

192 969 295 1059 αὐτὴν
317 973 543 1060 δειγματίσαι.
581 987 594 1040 1
614 981 683 1042 Gor.
701 981 755 1054 IV,
773 986 802 1040 9:
820 973 967 1066 θεάτρων
999 973 1221 1066 ἐγεννήθημεν
1245 985 1294 1068 τῷ

191 1068 320 1160 κόσμῳ.
343 1081 436 1140 Hebr.
454 1081 502 1154 X,
519 1085 553 1140 33
570 1081 620 1141 ull.
645 1081 716 1155 Qua
733 1082 860 1158 simplici
877 1083 1092 1160 significatione
1114 1085 1225 1148 relicta
1241 1087 1294 1150 alii

191 1179 235 1238 rei
252 1180 408 1255 despectae
424 1181 474 1240 vel
490 1181 629 1242 stercoris
647 1182 798 1241 notionem
815 1191 998 1257 statuerunt,
1016 1185 1131 1259 Dans,
1151 1187 1292 1262 Manum,

188 1279 359 1354 Karissa,
378 1300 466 1359 qnam
484 1282 626 1342 refutavit
643 1279 838 1342 Goussnrms
855 1303 885 1359 p.
901 1288 975 1344 1454.

700 1553 728 1590 v.
747 1535 772 1589 7.

239 1680 282 1737 Et
291 1681 340 1756 fit,
357 1691 389 1738 ut
405 1683 529 1756 quisquis
546 1691 572 1740 to
589 1685 776 1756 conspexerit,
787 1683 887 1756 sapiat
903 1700 923 1738 o
940 1692 966 1740 to
983 1686 1122 1756 otdioot:
1145 1687 1293 1748 oacrum

188 1779 352 1838 cotltlious!
370 1784 431 1856 quis
449 1785 555 1856 estqui
571 1782 718 1839 condoleat
734 1782 778 1844 cil
793 1783 865 1839 uodo
882 1801 1018 1856 quaeram
1027 1787 1212 1844 consolatores
1224 1788 1293 1845 ttott

189 1896 251 1946 *nu
289 1880 328 1939 ad
353 1881 519 1957 augendum
542 1881 754 1940 enuntiationis
771 1882 889 1956 pondus
905 1882 936 1938 in
953 1882 1054 1942 limine
1071 1886 1216 1960 positum3
1240 1887 1293 1946 cfr.

188 1980 245 2039 les.
263 1980 360 2052 LXV,
378 1985 426 2052 243
444 1980 508 2038 loel
524 1981 584 2052 III,
602 1984 628 2038 5.
643 1995 715 2054 rtur
734 1981 886 2057 praeclare
908 1994 1029 2042 revocat
1049 1984 1122 2043 illud
1144 2002 1197 2045 trra
1219 2005 1248 2046 v.
1266 1993 1292 2046 6.

190 2094 243 2140 *tut
273 2081 326 2140 clr.
351 2101 379 2140 v.
399 2084 448 2152 173
473 2081 530 2140 Ies.
554 2082 604 2154 X,
628 2085 671 2140 31.
695 2081 806 2155 XXII,
830 2086 846 2140 3
872 2101 929 2154 ss.;
952 2083 1004 2144 Ps.
1028 2085 1098 2158 XV,
1123 2089 1154 2158 8,
1179 2086 1292 2162 lugere,

190 2180 345 2252 „horroris
368 2189 398 2240 et
421 2180 482 2239 odii
506 2181 660 2257 signum,“
684 2181 796 2254 Canu,
821 2183 923 2255 „velut
954 2203 973 2242 a
995 2183 1112 2258 Nidda,
1143 2205 1176 2248 re
1204 2185 1294 2249 foeda

189 2281 319 2340 2Paral.
343 2281 470 2353 XXIX,
494 2284 549 2352 5,“
571 2281 665 2340 Mron.
690 2291 781 2374 ripert
808 2283 904 2340 rarior
932 2282 952 2340 f.
983 2284 1061 2342 Pual
1092 2285 1206 2360 species
1235 2305 1292 2361 pro

190 2387 280 2471 filiii
315 2380 371 2438 Ies.
389 2380 460 2452 XV,
480 2385 503 2438 1.
538 2378 650 2440 Similis
668 2381 839 2440 devastata
855 2381 1055 2442 Moabitarum
1072 2391 1152 2446 terra
1167 2385 1294 2446 habetur

190 2480 369 2538 exclamatio
391 2480 448 2538 Ier.
471 2479 620 2552 XLVIII,
642 2484 690 2538 20:
714 2494 794 2545 rure
815 2495 898 2538 uteru
920 2513 961 2524 -
977 2498 1056 2548 :torn
1078 2497 1143 2544 utu>
1163 2500 1211 2546 Ὁ.
1237 2486 1291 2546 cfr.

188 2580 251 2652 XI,
269 2584 295 2638 8.
320 2594 368 2641 'ur
394 2580 518 2656 agitari,
542 2579 736 2652 commoveri,
755 2579 818 2638 scil.
838 2580 935 2655 capite
951 2580 1004 2663 cfr.
1022 2580 1086 2639 Iob.
1104 2582 1190 2655 XVI,
1215 2589 1242 2642 4.
1263 2589 1290 2658 5,

190 2680 425 2740 commiserantis
443 2681 575 2756 signum3
596 2675 679 2746 'butu
703 2679 811 2757 agitari
835 2680 938 2753 alicui,
958 2680 990 2740 iu
1012 2681 1136 2742 alieuius
1162 2701 1292 2744 commo·

190 2781 270 2853 dum,
289 2781 367 2840 haud
384 2799 452 2838 raro
471 2780 577 2840 dicitur
593 2801 664 2856 pro:
682 2763 897 2854 commisereri,
916 2781 1064 2841 consolari
1080 2783 1220 2860 aliquem,
1237 2785 1291 2847 cfr.

189 2880 245 2938 Ier.
262 2881 334 2954 XV,
351 2884 376 2939 5.
394 2882 485 2954 XVI,
503 2885 529 2940 5.
547 2881 694 2954 XLVIII,
714 2886 760 2953 173
778 2881 830 2942 Ps.
847 2881 955 2962 LXIX
958 2923 967 2952 ,
984 2886 1026 2942 21.
1045 2915 1082 2926 —-
1097 2897 1174 2962 prun,
1185 2901 1219 2946 *rr
1239 2886 1292 2948 ad·

191 2980 254 3039 dito
275 2995 283 3056 ῑ
305 2999 364 3038 non
387 2982 583 3058 paragogioo,
610 2982 663 3041 sed
684 2982 792 3042 veteris
809 2982 1007 3058 appositionis
1025 2999 1062 3042 nr
1090 2984 1217 3062 reliquia
1238 2986 1291 3046 cfr.

190 3081 257 3139 Ew.
275 3079 302 3156 ᾗ.
317 3085 384 3152 164,
403 3099 434 3152 o,
460 3081 540 3156 quod
564 3081 647 3140 unice
668 3082 700 3140 in
722 3082 779 3140 hoc
802 3081 916 3140 dicendi
937 3100 1059 3158 genere,
1084 3084 1223 3147 adiuncto
1254 3102 1292 3162 r),

190 3179 346 3255 reperitur.
376 3179 566 3238 Commutato
582 3181 687 3240 tertiae
703 3199 733 3255 p.
751 3179 782 3238 in
800 3181 922 3239 alteram
940 3188 1012 3238 nota
1028 3181 1129 3242 vivido
1148 3185 1292 3248 orationis

190 3298 297 3356 genere
322 3280 395 3338 satis
417 3279 593 3354 explicatur.
617 3280 680 3338 Vix
702 3288 798 3339 autem
823 3279 1016 3341 dubitandum
1039 3289 1101 3354 est,
1127 3283 1208 3358 quod
1230 3303 1291 3342 non

191 3381 324 3457 liquebat
340 3380 575 3452 Hosnnuanno,
600 3379 704 3438 ultima
728 3381 801 3441 haec
817 3380 909 3438 verba
931 3379 970 3438 ad
986 3380 1119 3440 homines
1143 3382 1292 3458 ingentem

190 3480 342 3540 interitum
367 3481 580 3552 declamantes,
604 3499 699 3556 neque
717 3498 787 3538 vero
805 3481 844 3538 ad
866 3481 952 3538 deum
977 3497 1043 3539 esse
1070 3481 1230 3540 referenda.
1254 3515 1291 3528 ·-

193 3578 330 3640 Ceterum
347 3580 463 3640 indiciis
474 3579 728 3651 luculentissimis,
747 3579 931 3640 aKusrnno
949 3578 969 3636 l.
983 3579 1003 3636 l.
1021 3599 1051 3654 p.
1067 3585 1116 3641 140
1134 3582 1291 3659 expositis,

192 3679 352 3755 probatur,
370 3681 447 3738 huno
464 3699 581 3738 versum
598 3699 701 3740 rursus
718 3679 758 3738 ad
773 3679 888 3740 Iesaiae
905 3678 1126 3738 similitudinem
1150 3701 1215 3744 esse
1239 3702 1292 3742 ex-

192 3797 342 3855 pressum,
370 3780 421 3858 qui
437 3779 551 3840 tristem
566 3780 743 3838 Iudaeorum
762 3788 872 3840 statum
889 3797 914 3838 o.
931 3779 990 3852 LI,
1010 3784 1042 3838 19
1058 3779 1139 3842 hisce
1156 3782 1293 3859 deplorat

192 3877 305 3938 verbis:
325 3879 405 3951 „dua
420 3880 474 3938 illa
490 3879 545 3937 tibi
563 3880 681 3938 obviam
705 3889 860 3939 venerunt:
885 3879 952 3957 quis
978 3887 1007 3938 te
1034 3881 1204 3941 consolatus
1227 3882 1291 3944 est?
1332 3935 1337 3950 .

193 3979 360 4038 devastatio
378 3989 407 4038 et
423 3979 522 4054 ruptio
540 3986 569 4036 et
584 3979 679 4038 fames
697 3986 726 4037 et
742 3981 872 4054 gladium
889 4013 926 4022 -
944 3999 1032 4056 quem
1050 3980 1158 4038 faciam
1176 3989 1205 4040 te
1222 4000 1291 4040 oon·

194 4078 324 4152 solari,“
341 4094 443 4152 roura
458 4078 511 4139 ro?
535 4097 570 4136 ac
593 4097 630 4136 ne
652 4079 776 4136 fortuito
799 4081 873 4137 haec
887 4079 931 4135 ita
948 4078 1103 4137 videantur
1129 4080 1291 4154 concinere,

194 4177 321 4238 lesaiani
344 4177 413 4236 libri
437 4178 607 4236 memoriam
632 4178 734 4254 paullo
760 4177 839 4236 inira
855 4181 930 4236 v.10
948 4177 1212 4255 deprehendemus3
1231 4199 1291 4258 quo

195 4279 270 4338 adde
286 4266 368 4358 quod
383 4278 429 4352 11,
447 4298 475 4337 v.
492 4284 515 4337 1.
535 4277 657 4338 eandem
672 4277 788 4340 Iesaiae
803 4277 972 4354 pericopam
991 4277 1070 4336 olere
1083 4278 1291 4340 intelleximus.

1074 4387 1089 4433 'l
