3126 5000
656 300 730 362 Car.
743 302 776 375 I,
794 320 823 362 r.
838 305 880 362 13.
1274 294 1319 366 39

215 488 287 560 fert;
316 486 368 566 qui
390 488 430 548 ad
446 486 592 564 Assyrios
618 485 748 544 referunt
765 485 900 559 Anum,
925 483 1042 557 (duom,
1065 484 1224 558 unsrun,
1241 484 1320 558 Eva,

215 588 322 661 Hm„
344 587 450 647 iisdem
474 587 664 646 offenduntur
687 584 912 646 difficultatibus
938 603 974 644 ac
991 604 1019 643 v.
1034 585 1088 646 ab.
1132 583 1320 658 Conceditur,

214 688 341 775 Iudaeos
359 689 487 748 afflictos
504 707 525 746 a
540 687 597 746 deo
614 705 668 762 per
679 686 825 763 Assyrios
842 705 907 746 esse
913 706 922 758 3
940 686 1124 762 promittitur
1135 705 1217 759 vero,
1235 702 1319 744 num-

214 807 304 866 quam
322 790 360 848 ab
378 789 483 848 iisdem
500 807 552 848 eos
568 794 709 847 vexatum
725 785 780 858 iri3
806 805 885 859 „non
910 787 991 864 quod
1014 794 1189 863 perpetuam
1212 785 1320 846 securi·

215 897 306 948 tatem
322 889 514 965 polliceatur,
538 887 589 948 sed
611 887 691 948 illius
714 895 828 946 tautum
852 887 1015 964 temporis,
1041 895 1071 946 et
1092 887 1131 946 ab
1149 886 1208 946 illis
1226 867 1320 946 bosti-

214 990 287 1062 bus,
316 1009 335 1047 a
363 989 472 1067 quibus
497 997 559 1046 tum
586 987 840 1059 obsidebantur;“
871 988 1009 1048 Hmnou.
1049 987 1204 1046 Habemus
1228 986 1321 1064 igitur

215 1090 338 1149 eandem
362 1091 424 1149 fere
447 1088 623 1150 seutentiam
646 1107 682 1148 ac
699 1109 727 1148 v.
741 1093 772 1160 9,
798 1088 948 1150 defensam
971 1088 1191 1166 quodammodo
1215 1089 1253 1150 ab
1271 1086 1319 1160 iis,

214 1189 266 1267 qui
283 1190 322 1249 ob
339 1190 487 1268 ingentem
504 1188 636 1249 hostium
652 1189 816 1265 potentiam
833 1207 977 1268 suamque
994 1189 1166 1250 tenuitatem
1183 1188 1319 1248 dubitare

214 1290 251 1348 de
268 1290 372 1352 salutis
389 1290 564 1350 certitudine
579 1298 766 1350 conarentur.

262 1391 374 1452 Ilrrare
403 1392 494 1469 Igitur
523 1390 672 1463 videmus,
703 1390 756 1469 qui
788 1399 884 1450 totum
911 1409 1031 1451 versum
1060 1389 1108 1449 vel
1138 1390 1175 1448 de
1199 1388 1318 1450 Iudaeis

212 1491 323 1550 dIctum
335 1511 400 1552 esee
414 1491 560 1568 (Scauro.
571 1491 636 1569 all.)
649 1491 696 1550 vel
712 1491 749 1550 de
756 1491 893 1569 Assyriis
907 1491 1000 1568 (ew,
1011 1491 1103 1550 Hrrz.
1112 1489 1177 1568 all.)
1195 1498 1317 1550 conteu-

212 1591 301 1664 dunt;
325 1593 377 1652 sed
394 1592 522 1668 primum
540 1591 701 1650 membrum
724 1592 761 1651 de
778 1592 841 1665 his,
868 1593 905 1652 de
920 1591 981 1652 illis
1005 1592 1130 1650 alterum
1147 1591 1247 1650 valere
1263 1609 1316 1666 ap-

211 1700 307 1768 paret.
324 1725 361 1736 -
396 1692 557 1752 versiones
573 1699 687 1752 veteres
710 1692 784 1752 satIs
808 1692 962 1752 confusum
981 1692 1172 1752 reddiderunt
1189 1709 1316 1750 sensum.

211 1791 318 1851 LXX2
357 1781 438 1853 reida
465 1785 555 1873 λέγει
582 1783 696 1873 κύριος
723 1779 893 1874 κατάρχων
918 1778 1049 1852 ὑδάτων
1078 1779 1228 1850 πάλλων·
1261 1785 1319 1850 καὶ

212 1881 318 1966 οὕτως
339 1878 635 1971 deosculabantur,
658 1886 715 1952 καὶ
736 1881 755 1975 ἡ
778 1881 864 1975 ἀκοή
880 1909 942 1954 σου
955 1878 1016 1954 οὐκ
1031 1878 1319 1972 ἐνακουσθὴσειαι

213 1980 273 2052 ἔτι.
316 1988 400 2068 Syn:
436 1991 500 2064 „sle
515 1991 648 2070 loquitur
664 1991 812 2056 Dominus
830 1994 867 2052 de
883 1993 1031 2070 capitibus
1048 2010 1193 2070 aquarum
1209 1991 1316 2050 multa-

212 2113 277 2152 rum
294 2079 400 2197 (ll-§ro
419 2082 483 2163 lm
500 2107 587 2154 aas
606 2083 699 2171 λὰ),
723 2113 800 2171 qnae
816 2103 979 2172 rapuerunt
996 2101 1026 2152 et
1042 2094 1162 2169 elapsae
1179 2100 1263 2152 eunt:
1286 2102 1316 2152 et

212 2193 263 2271 qui
280 2203 310 2252 te
326 2193 481 2276 eraudivI,
500 2213 598 2254 nonne
614 2195 720 2253 iterum
738 2204 767 2256 te
784 2195 992 2258 exaudiami“
1018 2194 1084 2272 qul,
1102 2202 1136 2252 ut
1153 2195 1189 2254 de
1206 2193 1316 2254 misera

210 2294 365 2352 literarum
386 2293 566 2354 laceratione
594 2304 706 2355 taceam
734 2297 766 2354 in
787 2297 886 2373 primo
911 2296 1044 2356 membro
1072 2294 1247 2366 commissa,
1278 2313 1314 2353 eo

211 2393 369 2469 praecipue
385 2403 596 2468 peceaverunt,
614 2395 695 2472 quod
712 2395 836 2454 alteram
854 2396 937 2455 verbi
955 2411 1018 2458 neu
1034 2402 1212 2470 potestatem
1229 2412 1314 2469 prae·

211 2493 358 2565 tulerunt,
381 2494 581 2569 respondendi
603 2494 733 2572 inquam.
767 2496 930 2556 Iouerum
946 2495 994 2567 id,
1019 2495 1102 2573 quod
1118 2494 1250 2554 vaticinii
1268 2515 1314 2555 ra-

212 2593 285 2652 tioni
301 2593 392 2652 latim
409 2594 523 2670 patenti
546 2595 710 2656 subiectum
733 2604 795 2670 est,
819 2596 895 2672 ipsis
914 2595 1013 2656 verbis
1038 2595 1156 2670 intulit,
1181 2614 1247 2654 oum
1272 2597 1316 2656 sic

210 2695 375 2754 exhiberet:
399 2696 510 2758 'nuncu
530 2711 703 2763 annutante:
725 2709 832 2774 truanni
855 2710 955 2761 amu:
976 2690 1078 2759 ezelo
1100 2709 1157 2774 pm
1177 2711 1220 2758 ua
1238 2698 1316 2769 „etsi

210 2794 319 2854 fuerint
334 2792 459 2872 perfecti
475 2795 599 2854 oonsilio
617 2805 646 2856 et
663 2797 772 2856 multae
789 2797 879 2858 etiam
896 2817 1019 2858 numero
1036 2806 1139 2877 gentes
1156 2817 1234 2879 quae
1246 2817 1315 2858 con-

211 2904 372 2976 gregantur
387 2904 421 2956 ut
436 2905 563 2972 urgeant
578 2896 812 2975 Hierosolyma“
831 2909 886 2960 ete.
944 2953 948 2968 ,

714 3169 743 3208 v.
763 3154 804 3208 13.

262 3297 321 3358 Sed
342 3314 416 3356 auae
433 3297 572 3370 sronpom
587 3306 690 3356 uectem
712 3301 771 3356 ιλιι
793 3297 842 3356 uda
860 3307 899 3368 te,
922 3309 950 3358 et
965 3301 1078 3358 omento
1102 3303 1161 3358 aaa
1177 3315 1315 3373 rumpam.

210 3400 346 3458 Alterum
362 3418 391 3458 v.
407 3397 470 3455 ltml
483 3397 647 3456 membrum
662 3390 782 3476 longius
798 3397 859 3457 lam
876 3399 1043 3475 exponitur.
1066 3415 1078 3478 ι
1096 3398 1316 3460 adversativum

211 3499 371 3576 opponitur
397 3497 546 3575 negationi
564 3499 594 3558 'a
616 3491 665 3560 ab.
701 3513 781 3561 unm
805 3495 961 3558 confestim
988 3479 1129 3560 eventura
1159 3498 1315 3576 siguificat,

212 3619 289 3676 quae
304 3599 521 3675 praedicentur.
552 3613 614 3664 tenu
637 3617 664 3658 a.
679 3617 707 3658 v.
736 3613 798 3663 tatto
813 3600 968 3674 vacillare,
986 3600 1205 3661 vacillationem
1222 3607 1316 3673 notat,

212 3699 317 3758 deinde
334 3707 447 3759 vectem
463 3699 554 3760 Num.
567 3699 662 3772 XIII,
680 3701 714 3756 23
731 3705 761 3756 et
777 3709 889 3760 vectem
906 3699 985 3778 iugi,
1004 3702 1115 3780 quippe
1132 3702 1183 3779 qui
1200 3699 1319 3761 vacillet

211 3799 413 3860 incedentibus
437 3799 581 3872 bovibus,
610 3800 686 3858 alias
715 3798 777 3858 iere
798 3817 898 3876 nutu,
928 3811 980 3862 aut
1010 3803 1126 3862 adiecto
1153 3803 1220 3890 bien
1243 3801 1317 3860 Lev.

212 3899 337 3970 XXVI,
357 3903 388 3956 13
396 3920 404 3971 3
429 3900 535 3960 Erech.
549 3899 699 3972 XXXIV,
717 3904 760 3972 27,
785 3909 837 3960 aut
864 3904 975 3963 omisso
998 3904 1102 3963 Ierem.
1116 3903 1258 3975 XXVII,
1283 3906 1317 3974 23

211 3999 366 4072 XXVIII,
387 4005 427 4059 10.
448 4005 495 4072 123
514 4000 657 4058 translate
674 4000 780 4059 dicitur
796 4001 891 4062 Levit.
902 4004 1019 4077 XXVI,
1039 4009 1086 4062 13:
1106 4003 1203 4079 „fregi
1220 4001 1318 4062 vectes

211 4101 273 4178 iugi
286 4101 380 4160 vestri
399 4108 428 4158 et
444 4100 517 4172 feei,
542 4107 573 4158 ut
600 4100 689 4158 erecti
706 4100 915 4175 incederetis,“
943 4123 1030 4180 quem
1052 4104 1149 4161 locum
1172 4122 1210 4161 ex
1234 4110 1319 4178 parte

212 4201 349 4261 recitavit
365 4200 501 4260 Ezechiel
520 4221 544 4260 c.
559 4199 707 4272 XXXIV,
725 4205 768 4258 27.
803 4197 897 4274 nebim
919 4204 957 4261 ad
974 4204 1104 4262 literam:
1129 4223 1149 4262 a
1166 4223 1254 4280 super
1277 4211 1317 4275 te,

212 4301 255 4361 ita
273 4303 380 4363 utiam
398 4323 457 4362 non
476 4311 591 4380 premat
609 4309 654 4374 te,
681 4299 767 4360 siculi
792 4303 989 4364 accuratiores
1013 4305 1044 4363 in
1061 4305 1119 4364 hoc
1135 4322 1241 4382 genere
1257 4303 1318 4362 He·
