3124 4988
552 333 577 409 p.
594 339 621 390 2.
650 333 700 392 Da
719 349 846 391 ceroma
865 333 1005 396 Nasum.
1311 355 1331 393 v

224 513 388 590 (Anisa),
407 515 454 572 vsl
472 516 560 572 etium
579 537 598 574 a
615 516 755 575 tarditate
771 515 917 574 vindictae
934 516 1014 594 (all.)
1031 551 1067 560 -
1085 517 1175 594 longe
1186 520 1329 594 plurimo-

222 632 290 672 ·rum
316 623 377 672 tum
403 615 581 673 nostratium
606 619 699 692 qu'am·
722 623 853 675 veterum
879 637 926 674 vv.
945 617 994 674 dd.
1019 617 1166 676 sublevati
1183 638 1330 699 consensu

225 713 383 790 (equibus
399 734 427 774 v.
446 733 470 772 c.
489 715 639 774 afferimus
657 717 694 774 R.
713 715 908 776 Semnonum
924 717 1050 789 lencm,
1077 718 1127 794 qui
1150 719 1328 778 affirmavit:

225 829 294 877 run
314 819 372 874 nm'
387 830 443 872 min
465 809 564 892 ’ρ’ἠκ),
589 817 743 875 confestim
769 816 808 874 ad
831 817 1038 892 gravissimam
1066 819 1269 894 quaestionem
1292 822 1329 878 dc

141 903 144 909 ¹
228 912 287 970 situ
304 913 402 974 Elcesi
420 913 629 974 instituendam
645 928 840 976 transeamus.

277 1011 392 1072 Nostra
409 1015 551 1072 memoria
568 1017 597 1074 iu
616 1017 689 1076 duas
716 1017 836 1074 omnino
859 1026 959 1093 partes
985 1017 1121 1076 abierunt
1142 1018 1327 1096 interpretes.

143 1165 146 1170 .
226 1113 290 1170 Alii
312 1113 392 1191 iique
415 1122 445 1170 et
467 1112 559 1191 longe
578 1117 698 1192 plurimi
727 1126 757 1175 et
788 1117 997 1176 vetustissimis
1028 1118 1120 1176 adiuti
1151 1121 1328 1180 testimoniis

225 1213 323 1271 locum
345 1215 376 1272 in
399 1221 479 1271 terra
498 1219 588 1274 sacra
611 1218 810 1294 quaerendum
831 1217 1028 1291 'existimant,·
1051 1218 1103 1276 alii
1131 1219 1162 1277 in
1188 1222 1326 1298 Assyria,

224 1313 303 1370 hand
318 1314 426 1390 procul
442 1315 480 1372 ab
503 1316 570 1391 ipsa
586 1317 684 1390 Nin03
709 1318 826 1378 abhuc
847 1325 933 1392 parte
956 1318 1151 1378 constiterunt
1167 1321 1327 1380 Ercnuon-
1380 1359 1382 1363 ι

144 1413 147 1418 ’
166 1469 169 1474 ,
194 1477 195 1481 η
224 1429 295 1478 runs
312 1414 425 1490 Introd.
444 1415 470 1490 ξ.
484 1419 550 1488 385,
567 1413 592 1476 l.
611 1419 650 1476 D.
669 1419 859 1490 incamus,
878 1416 1056 1491 Garumna,
1077 1418 1210 1478 Harant
1226 1421 1326 1480 Bibel·

130 1498 145 1520 ''
225 1515 307 1572 werk
321 1515 390 1587 VII,
402 1535 431 1589 p.
447 1519 505 1589 175,
520 1518 696 1590 Ewmnus,
711 1519 832 1576 limnas
844 1519 1007 1577 Erdknnde
1020 1519 1079 1577 vol.
1092 1519 1149 1590 IX,
1166 1539 1196 1594 p.
1210 1525 1260 1578 742
1274 1541 1325 1596 ss,

163 1638 165 1643 ·
223 1613 364 1673 Tucfflns
382 1617 543 1673 comm-de
560 1617 640 1675 Nino
658 1620 745 1690 urbe,
764 1619 891 1675 Lernan
910 1617 1045 1677 Nineveh
1063 1637 1092 1694 p.
1109 1623 1157 1677 125
1175 1640 1214 1680 es.
1259 1624 1326 1697 Age
1361 1633 1366 1638 '

168 1723 170 1730 ’
201 1701 204 1710 ’
223 1715 376 1790 utriusque
393 1715 584 1784 fundamenta
601 1731 630 1776 et
647 1727 820 1793 argumenta
837 1718 1040 1776 examinemus
1058 1718 1236 1794 diligentius.

272 1814 297 1871 Ι.
323 1815 457 1874 Eikosch
481 1815 573 1875 fuisse
599 1817 885 1876 in‘Palaestina
907 1818 995 1876 situm
1022 1819 1050 1895 l)
1073 1819 1170 1892 primo
1193 1820 1261 1878 loco
1285 1841 1322 1878 ex

222 1913 400 1998 antiquitate
425 1917 659 1976 testimoniorum
681 1926 773 1994 patet.
799 1917 937 1980 Tradidit
962 1918 1040 1976 enim
1062 1918 1271 1979 Hiusournus
1292 1921 1324 1981 iu

221 2033 360 2090 prooem:
378 2060 413 2088 ,‚.
428 2057 435 2072 .
450 2059 458 2074 .
473 2059 480 2075 .
499 2036 565 2076 cum
579 2018 733 2078 Helcesaei
750 2018 814 2094 (all.
832 2018 968 2078 Helceeei
979 2063 987 2092 ,
1000 2019 1113 2096 Elcesi)
1127 2039 1219 2096 usque
1235 2021 1324 2079 hodie

196 2106 198 2110 ’
222 2115 259 2172 in
284 2114 461 2175 Galilaea
485 2118 634 2177 viculus
658 2119 722 2190 sit,
751 2137 862 2194 parvus
880 2120 999 2196 quidem
1017 2129 1046 2178 ct
1064 2120 1114 2177 vix
1133 2121 1226 2180 ruinis
1243 2130 1323 2180 vete·

220 2235 285 2272 rum
308 2215 508 2274 aedificiorum
532 2218 666 2277 indicans
684 2219 824 2296 vestigia,
849 2221 902 2278 sed
924 2229 1021 2278 tamen
1039 2227 1150 2278 notus
1168 2221 1322 2280 Iudaeis

218 2323 250 2374 et
267 2317 353 2373 mihi
378 2336 496 2394 quoque
513 2339 531 2376 a
549 2319 779 2382 circumducente
803 2323 1066 2390 monstratus“
1078 2319 1096 2376 ¹.
1124 2318 1212 2392 Quod
1240 2322 1320 2380 testi·

190 2409 193 2416 ’
220 2417 350 2474 monium
368 2417 430 2476 eius
446 2417 520 2490 vir'i,
539 2419 591 2495 qui
607 2420 638 2476 in
656 2418 722 2493 ip‘sa
735 2427 814 2476 terra
828 2439 913 2478 sacra
925 2419 1059 2491 vivebat,
1078 2417 1207 2478 Orsum
1218 2423 1320 2480 Anax.

220 2517 411 2574 confirmatur
434 2519 548 2590 uerbis,
572 2517 624 2595 qui
649 2519 753 2576 eodem
775 2519 836 2577 fere
859 2527 991 2594 tempore
1009 2521 1045 2577 de
1062 2539 1090 2576 v.
1105 2505 1246 2582 Ἕλκεσέ
1267 2523 1321 2578 do-

217 2617 297 2674 cuita
314 2606 434 2697 ,,κω’μη
463 2610 501 2676 δὲ
529 2608 613 2698 αὕτη
641 2607 772 2690 πάντως
794 2637 863 2678 που
888 2616 948 2699 τῆς
971 2609 1150 2678 Ἰουδαίων
1173 2610 1320 2702 .χώρας.“

219 2717 288 2790 Quo
305 2717 457 2776 addendus
475 2719 563 2776 etiam
581 2718 697 2776 videtur
713 2719 884 2792 austeres,
903 2720 953 2797 qui
971 2720 1000 2776 in
1024 2719 1217 2778 Onomastico
1236 2719 1266 2780 S.
1287 2720 1318 2780 S.

218 2817 291 2874 nihil
309 2817 426 2894 quidem
443 2819 760 2894 habetpraeterheec:
790 2805 964 2894 „³Elaece',
985 2810 1079 2878 ,ὅθεν
1111 2813 1168 2878 καὶ
1198 2817 1319 2898 Ναοῦμ

219 2905 248 2976 δ’
259 2913 481 2990 Ελκεσαῖυς,“
505 2927 619 2990 tamen,
650 2919 684 2978 si.
699 2919 780 2979 vicus
805 2939 865 2978 non
882 2921 988 2980 fuisset
1004 2920 1035 2978 in
1053 2920 1247 2994 Palaestina,
1267 2923 1319 2980 sed

219 3018 250 3075 in
267 3019 396 3094 Assyria
413 3019 502 3092 situs,
520 3015 619 3078 nescio
638 3039 676 3078 an
694 3029 836 3079 notasset.
1018 3005 1020 3011 Ι

268 3118 382 3176 Eodem
399 3119 461 3176 iere
477 3120 515 3178 ab
533 3120 599 3179 aliis
617 3121 749 3178 ducimur
766 3121 952 3192 auctoribus,
964 3107 1086 3202 'etiamsi
1104 3119 1204 3180 minor
1217 3141 1333 3182 eorum·

216 3217 351 3276 videatur
378 3219 510 3294 gravitas
540 3239 612 3278 esse.
649 3221 997 3292 Pssuno-Dosornsne
1027 3223 1063 3279 de
1086 3223 1212 3298 prophh.
1239 3223 1319 3294 „Hic

273 3428 298 3490 1)
316 3427 394 3478 Cuius
413 3427 550 3477 testimonii
569 3426 622 3474 vim¹
638 3426 777 3490 infringere
794 3428 844 3478 sibi
862 3429 997 3478 videbatur
1014 3428 1152 3491 (lassatus,
1175 3447 1232 3480 cum
1254 3430 1319 3480 thes.

217 3529 282 3562 av.
307 3518 479 3561 asseveraret:
504 3511 667 3572 „Crederem
679 3512 791 3576 homini,
816 3515 839 3562 si
862 3514 944 3562 vicum
966 3513 1047 3563 Elkos
1069 3521 1249 3578 monstrasset,
1273 3517 1319 3566 sed

215 3597 325 3645 viculum
342 3597 489 3658 Etcss1(ut
506 3601 566 3646 tunc
582 3597 669 3659 legere
681 3596 799 3646 solebant
816 3585 917 3664 *mpla
941 3598 1068 3648 defective
1089 3600 1224 3664 scriptum)
1244 3615 1315 3650 mon-

214 3683 305 3730 stranti
322 3697 375 3730 nou
393 3683 473 3745 magis
492 3681 582 3748 credo,
601 3695 680 3743 quam
698 3687 849 3746 mystagogo
867 3684 1033 3743 nostratium,
1056 3684 1099 3746 qui
1120 3685 1254 3748 peregrino
1272 3685 1318 3734 lm·

214 3765 277 3812 mini
295 3766 509 3827 germaniceana
528 3764 666 3814 admodum
684 3764 760 3814 docto
775 3766 808 3815 de
820 3767 914 3830 oppido
932 3767 1119 3830 Hallische,
1136 3769 1318 3818 Hallentcr

215 3847 370 3908 sciscitanti,
385 3863 418 3896 ne
436 3847 498 3910 quid
516 3849 648 3912 ignorasse
666 3849 809 3910 videretur,
834 3852 968 3900 confestim
986 3853 1069 3902 vicum
1086 3853 1239 3917 oppidumve
1256 3867 1316 3915 pro·

213 3934 311 3982 ximum
329 3931 447 3994 quodque
466 3935 620 3984 ostenderet.
656 3933 763 3982 Minime
786 3941 881 3984 certam
905 3936 937 3985 de
961 3949 1000 3986 ea·
1015 3951 1043 3986 re
1066 3938 1182 3986 extitisse
1200 3938 1316 3988 traditio·
1350 4003 1351 4006 Ἴ

213 4033 284 4079 nem,
308 4017 350 4066 vel
373 4031 404 4064 ex
427 4015 575 4068 diversitate
593 4019 648 4068 eius
666 4017 797 4082 apparet.“
817 4021 854 4068 At
871 4023 954 4070 minus
971 4028 1067 4070 temere
1084 4021 1222 4070 iudicasset
1240 4037 1263 4070 v.
1281 4021 1316 4083 d,

158 4164 160 4168 ι
212 4103 289 4153 modo
308 4101 417 4152 diversis
435 4102 547 4150 nominis
565 4102 748 4166 pronuntiandi
771 4104 854 4152 modis
879 4111 954 4168 atque
978 4107 1078 4155 traditis
1101 4121 1117 4154 a
1139 4105 1268 4154 veteribus
1284 4105 1316 4153 de

213 4187 263 4235 situ
281 4187 334 4236 cius
352 4185 514 4248 opinionibus
532 4187 653 4249 quidnam
672 4187 812 4236 subiectum
831 4196 898 4237 esset
915 4205 1061 4251 commune,
1085 4189 1220 4251 diligenter
1241 4203 1315 4254 repu-

133 4299 135 4302 ·
214 4273 334 4334 tavisset3
361 4279 389 4320 ut
411 4271 527 4320 omittam
545 4269 739 4334 Hieronymum,
757 4273 800 4334 qni
819 4274 959 4326 maximam
976 4275 1045 4323 vitae
1062 4280 1161 4336 partem
1178 4273 1206 4322 in
1224 4271 1315 4322 Palae·

215 4355 283 4406 stins
301 4357 383 4418 dogit,
403 4358 445 4406 vix
465 4355 599 4419 peregrino
618 4356 692 4406 alicui
709 4355 791 4405 Hales
805 4359 1003 4419 praetervolanti
1016 4358 1095 4410 inisse
1109 4355 1314 4420 comparandum.
