3126 5000
296 284 343 354 20
718 285 792 345 Car.
805 286 836 358 l,
853 305 882 344 v.
894 290 973 344 2-6.

296 475 397 535 aiones
427 474 488 532 lere
518 489 620 530 omnes
644 469 799 529 exhibent:
836 467 988 528 tollitur
1016 467 1053 526 in
1084 466 1216 540 altum,
1246 466 1309 526 scil.
1335 483 1403 524 eum

294 586 437 634 tremore:
461 573 551 632 LXX
568 559 749 650 ἀνεστάλη,
769 569 865 628 H1an.
883 566 952 644 Syr.
970 569 1160 641 eonuemuit,
1178 565 1278 627 Sunt.
1295 566 1403 625 Tnno-

293 691 435 736 nonnuua
452 661 605 754 ἐκινήθη,
623 669 750 729 Graue.
769 659 915 752 χωρήσει
929 660 1018 746 πρὸς
1036 661 1077 728 τὸ
1096 660 1210 750 μηδὲν,
1235 661 1292 726 καὶ
1306 656 1404 726 ἔσται

295 767 399 835 πάλιν
420 761 466 846 ὦς
487 760 546 848 οὐχ
569 758 780 849 ὑπάρχουσα,
798 769 947 842 aufertur,
965 770 1119 842 Fauna,
1137 788 1214 828 eurr.
1232 786 1318 845 exeg.
1335 767 1401 827 erit.

294 877 327 935 in
343 875 423 934 Nah.
441 873 548 950 proph.
567 871 730 948 specimen,
754 869 911 930 Restarlrii
928 873 1005 928 1806.
1040 868 1101 943 Qui
1123 887 1227 929 omnes
1247 869 1280 926 iu
1302 887 1338 927 eo
1355 889 1402 926 er-

295 985 378 1048 rant,
403 973 484 1052 quod
505 972 657 1048 passivam
680 971 870 1029 reddiderunt
891 970 1019 1046 speeiem
1041 989 1098 1046 pro
1123 971 1223 1029 activa
1230 989 1240 1041 ;
1266 969 1298 1028 id
1320 970 1402 1046 quod

297 1077 376 1136 eadit
392 1075 423 1132 in
441 1074 564 1133 alteram
582 1091 700 1150 quoque
716 1082 832 1147 partem
848 1073 880 1149 2)
897 1071 949 1148 qui
964 1070 1152 1146 praeierunt:
1170 1069 1403 1144 „attollitur

285 1175 502 1235 .ineendio“
527 1175 638 1232 Iasum
667 1179 698 1230 et
726 1172 839 1231 lunum
868 1172 931 1230 lere
959 1190 1079 1243 omnes,
1109 1171 1196 1244 Ina,
1228 1170 1401 1244 Tanna„

296 1276 445 1348 Seniue„
470 1283 500 1334 et
524 1274 576 1353 qui
599 1273 739 1349 supplent
762 1289 813 1332 uta
838 1290 960 1331 eversu
982 1279 1132 1349 sequente.
1173 1270 1284 1330 Nescio
1306 1291 1345 1330 au
1369 1271 1402 1330 in

295 1379 373 1436 hane
400 1375 557 1434 inciderint
581 1380 728 1446 errarem,
752 1373 878 1450 profesti
900 1372 969 1432 inde
992 1373 1043 1432 ubi
1065 1372 1196 1431 maxima
1225 1371 1402 1431 noauaunm

296 1497 368 1554 pars
385 1475 536 1535 constitit:
551 1477 583 1552 3)
600 1473 754 1533 attollit
769 1491 810 1532 se
825 1473 990 1544 Caecatus,
1006 1475 1178 1545 Annuus,
1195 1473 1310 1544 Marta,
1322 1473 1401 1544 Bw,

295 1578 398 1648 Hm,
415 1575 533 1648 Hora,
545 1575 648 1635 Uuan.
666 1573 716 1633 all.
725 1594 735 1646 3
753 1581 872 1633 atvero
889 1573 1077 1634 intransitiva
1093 1581 1227 1649 potestas
1243 1573 1332 1648 plane
1347 1573 1402 1632 ob·

298 1677 426 1737 truditur
453 1677 555 1735 verbo.
598 1676 665 1752 Age
690 1674 892 1733 examinemus
921 1675 1074 1751 exempla,
1107 1674 1214 1750 quibus
1241 1673 1301 1732 tale
1329 1673 1402 1751 quid

297 1777 486 1854 comprobari
503 1784 684 1836 asseverant.
718 1774 809 1834 Num.
821 1775 908 1848 XIV,
929 1779 942 1831 l
960 1770 1035 1850 nit?
1056 1789 1134 1840 trau
1156 1787 1245 1835 mvn
1260 1767 1299 1834 Β)
1314 1789 1401 1838 aunt

298 1879 425 1939 vidimus
441 1877 481 1936 ad
497 1898 527 1936 v.
542 1882 566 1936 1.
593 1872 646 1951 'rip
663 1876 847 1934 referendum
864 1873 1032 1934 esse'etiam
1048 1873 1087 1932 ad
1100 1890 1205 1946 tetam
1222 1872 1298 1932 Hus'.
1311 1872 1402 1946 XIII,

299 1986 312 2037 l
331 1980 355 2038 Ι.
369 1978 410 2036 H.
424 1979 520 2036 Mwn.
537 1984 616 2035 reete
632 1977 857 2051 interpretatur:
883 1973 1037 2051 „portavit
1052 1974 1118 2050 ipse
1134 1975 1197 2035 soil.
1215 1992 1300 2032 suum
1316 1973 1401 2050 loqui
1520 2003 1530 2017 ·

298 2099 323 2138 s.
349 2077 528 2136 horrendum
551 2076 625 2134 illud
651 2083 803 2151 peecatum
829 2094 931 2147 suum3
954 2081 1092 2151 pertatur
1114 2083 1213 2134 antem
1236 2081 1400 2149 peceatum,

298 2198 364 2238 eum
387 2178 550 2254 imputatur
572 2185 603 2234 et
626 2176 822 2234 vindicatur.“
863 2173 943 2234 Hab.
956 2176 1023 2247 1,3
1045 2192 1108 2236 aut*
1128 2191 1209 2252 nunt
1230 2174 1403 2250 simpliciter

299 2279 398 2339 audit:
425 2285 455 2337 et
476 2277 575 2336 rixam
596 2276 705 2335 tollunt
721 2275 838 2352 (erhebt
853 2277 952 2354 man);
979 2275 1032 2334 Pa.
1045 2275 1163 2347 XXIV,
1181 2279 1198 2332 9
1219 2276 1258 2334 ad
1274 2275 1401 2334 alterum

297 2385 399 2457 aaut,
427 2386 477 2452 „et
493 2377 619 2436 attollite
636 2385 741 2454 portae
758 2376 963 2436 aeternitatis“
981 2375 1177 2452 supplendum
1194 2395 1259 2436 esse
1277 2375 1400 2452 „capita

298 2461 417 2538 aesira“
447 2499 486 2537 ex
509 2477 763 2552 antecedentibus,
793 2477 966 2536 rfflexivam
995 2483 1093 2534 autem
1116 2476 1176 2535 vim
1200 2477 1282 2534 nullo
1308 2476 1399 2534 modo

297 2580 417 2639 concedi
430 2597 540 2656 posse,
559 2598 615 2637 ev.
629 2583 645 2635 ”l
657 2587 757 2654 patet,
775 2579 827 2638 ubi
840 2597 857 2637 e
869 2576 1018 2636 annuatia
1030 2577 1155 2653 legimus
1172 2577 1203 2639 'tt
1220 2578 1247 2636 'a
1266 2581 1399 2648 iulum

296 2686 447 2756 postremo
464 2680 516 2739 Pa.
529 2679 711 2752 LXXXIX,
730 2683 746 2736 9
768 2682 833 2744 teitu
854 2697 913 2736 non
929 2686 976 2738 eat
990 2677 1072 2736 infin.
1087 2675 1221 2752 (ursan
1234 2678 1309 2736 thes.
1321 2677 1400 2754 all),

297 2781 365 2852 sed,
389 2779 476 2839 sicuti
497 2783 560 2858 arta
581 2779 647 2837 Iob.
660 2779 742 2852 XX,
759 2785 775 2838 6
791 2798 897 2838 nomen
922 2757 1141 2850 abbreviatunr,
1168 2785 1234 2838 eum
1250 2785 1399 2854 potestate

297 2879 491 2951 sublationis,
508 2897 561 2936 seu
573 2877 754 2954 altitudinis,
772 2879 977 2951 sublimitatis,
996 2878 1048 2939 etr.
1062 2878 1129 2936 Ew.
1143 2877 1243 2955 §leth
1257 2878 1398 2955 (lob.Vl,

299 2985 329 3052 l,
347 2999 434 3057 quem
452 2979 556 3038 laudat
571 2978 729 3052 Hostem,
754 2980 903 3056 pertinere
918 2980 977 3038 hue
993 2978 1112 3056 nequit,
1136 2998 1203 3038 eum
1220 2984 1300 3046 isim
1322 2979 1398 3038 dilu-

297 3079 361 3140 eide
376 3080 420 3140 ibi
436 3078 593 3157 significet:
611 3079 800 3159 ponderare).
830 3083 862 3159 4)
874 3081 982 3140 Restat
997 3079 1101 3156 paucis
1113 3079 1231 3157 quidem
1244 3080 1399 3140 sublevata

296 3180 479 3253 fautoribus,
495 3181 580 3240 unine
595 3189 694 3240 tamen
710 3182 867 3257 probanda
884 3199 939 3240 usu
955 3178 980 3238 Ι.
995 3179 1035 3239 H.
1049 3181 1223 3242 litemus
1241 3189 1271 3240 et
1282 3181 1399 3240 auam

295 3280 516 3358 interpretatio:
533 3281 661 3354 tollit,
678 3280 1132 3354 auil.voeemsuam,ela1uando
1149 3280 1286 3340 nimirum
1294 3289 1324 3340 et
1337 3281 1398 3338 eiu-

295 3382 402 3455 lando,
428 3382 509 3460 qued
525 3381 641 3441 dicendi
657 3399 751 3458 genua
773 3402 864 3458 supra
880 3401 950 3442 av.
973 3397 1046 3442 auin
1066 3381 1249 3440 enucleatum
1267 3389 1328 3452 est3
1352 3380 1398 3440 id·.

296 3501 354 3559 que
370 3483 460 3560 longe
475 3481 575 3557 aptius
590 3481 708 3540 videtur
724 3484 934 3543 sententiarum
949 3476 1041 3540 ne'xui
1058 3489 1087 3540 et
1102 3481 1289 3560 progressui,
1308 3499 1399 3558 quam

295 3582 404 3656 „nimis
421 3581 604 3660 frigidnm“¹
620 3582 707 3640 illud:
723 3584 836 3642 attollit
852 3601 894 3644 se.
921 3581 1081 3642 Exelamat
1097 3590 1194 3642 autem
1208 3590 1288 3642 terra
1302 3589 1397 3654 innan,

293 3701 366 3758 prae
383 3682 460 3742 faeie
483 3700 507 3741 s.
532 3689 691 3758 eonspectu
714 3683 793 3757 eius,
823 3685 876 3744 alr.
894 3683 952 3742 les.
965 3681 1028 3755 VI,
1045 3685 1079 3754 ὃς
1105 3683 1272 3742 eonelamat
1293 3681 1399 3742 deinde

292 3801 442 3840 analeum
467 3783 540 3840 erbe
564 3777 958 3850 annumerarentur
980 3771 1114 3864 3311ῃῆ
1137 3771 1331 3864 οἰκουμένη,
1354 3789 1399 3844 est

292 3881 370 3940 euim
387 3876 446 3944 San
464 3881 500 3957 (3
516 3881 571 3941 fut.
589 3883 657 3942 iem.
675 3902 702 3941 a.
721 3903 750 3942 v.
768 3873 837 3961 ia)
860 3883 996 3958 proprie;
1027 3883 1192 3960 „frugifera
1215 3887 1296 3954 est,“
1320 3883 1399 3942 unde

290 3981 449 4040 Ewsnnas
471 3981 537 4041 sola
554 4001 577 4041 s.
596 3983 625 4041 h.
643 4003 672 4042 v.
690 3992 763 4042 arta
785 3983 939 4060 intelligit,
966 3982 1121 4060 angustias
1144 3981 1299 4054 nimirum
1328 4003 1398 4042 nam

291 4083 342 4142 ubi
359 4083 396 4160 de
412 4081 552 4143 universa
576 4091 656 4144 terra
673 4083 783 4142 dietum
800 4092 861 4157 est,
887 4093 952 4144 nun'
965 4093 1012 4144 est
1036 4085 1116 4161 quod
1133 4083 1297 4144 afferantur
1313 4102 1396 4156 arva,

342 4305 367 4366 t)
385 4304 517 4360 Meuanas
535 4321 559 4358 a.
576 4309 601 4358 h.
620 4325 644 4358 v.
