3124 4988
554 307 580 382 §-
598 312 624 364 2.
651 306 701 364 Da
719 321 846 364 caterua
864 303 1005 366 Nouum.
1274 325 1320 368 vu

215 507 373 563 peaeorum
395 487 597 563 appellatae¹,
620 507 697 564 quae
714 485 846 546 Traiano
863 488 1043 564 imperatore
1059 489 1320 566 exortaOrIgenis

215 588 304 646 etiarn
327 597 357 648 et
383 589 430 648 vel
446 587 616 646 Constantii
637 587 789 664 tempore²
812 597 1073 660 commemoratur,
1104 596 1208 646 auctor
1227 589 1320 648 fuisse

214 688 261 746 vir
278 688 399 765 quidam
416 687 523 759 Elxai,
541 687 624 747 cuius
642 707 749 746 nomen
767 688 841 748 satis
859 689 977 748 diversa
993 689 1156 765 apatribus
1170 689 1319 764 scriptura

214 789 385 860 exhibetur3
409 789 469 860 „ab
487 788 655 864 Epiphanio
679 788 757 846 euim
780 789 862 848 varie
879 790 1048 848 nominatur
1073 776 1210 860 Ἠλξαΐ,
1238 778 1318 848 Ἠλ-

214 881 310 960 §arog
331 898 361 947 et
373 877 608 960 Ἐλκεσσαῖος,
626 909 645 947 a
655 888 871 948 Turonorum
885 878 1048 948 'Etneou't‘'
1062 898 1115 947 ant
1143 877 1329 965 Ἐλκασαῖ’,,

213 1009 233 1047 a
248 989 420 1048 Murnouro
442 988 474 1046 iu
491 988 627 1048 convivio
641 977 844 1064 Ἐλχασαῖος
864 991 912 1048 vel
925 976 1125 1060 Ἐλκεσαῖος
1135 989 1183 1062 “³,
1201 992 1240 1049 ab
1254 991 1318 1050 Au·

214 1105 345 1148 cuemuo
361 1089 443 1162 Elei,
461 1108 480 1146 a
495 1089 614 1148 Ioanne
632 1089 824 1150 Damascene
854 1077 1013 1172 ’etates
1038 1089 1165 1168 denique
1180 1091 1211 1148 in
1229 1089 1318 1166 (Hir-

214 1211 414 1224 aum—m

267 1279 291 1341 l)
308 1280 361 1330 Cir.
379 1281 465 1332 Eitea.
483 1283 554 1334 haer.
572 1283 645 1333 LIII.

264 1364 290 1426 2)
305 1365 455 1416 Erumurus
475 1368 681 1418 luculentissimis
700 1367 784 1416 verbis
806 1367 916 1429 (haeres.
934 1365 1016 1428 XIX,
1039 1364 1101 1416 edit.
1119 1365 1243 1416 Parevrus
1262 1380 1286 1414 v.
1298 1365 1321 1426 I,

213 1466 238 1513 p.
251 1451 283 1499 39
297 1451 340 1511 ss.)
364 1451 489 1510 „Traiani
507 1459 621 1517 tempore
639 1453 716 1502 Elxai
734 1449 983 1515 pseudoprophetam
1005 1450 1039 1498 ad
1057 1449 1214 1499 Ossenorum
1235 1463 1255 1498 s.
1273 1449 1320 1498 Εε-

213 1548 333 1582 senorum
350 1541 460 1596 sectam,
477 1536 548 1584 cuius
566 1535 680 1586 asseclae
698 1537 725 1586 iu
741 1535 896 1596 Nabataea,
921 1533 1039 1595 Ituraea,
1062 1533 1221 1594 Moabitide,
1244 1533 1319 1582 Arel-

211 1619 285 1667 litide
302 1617 463 1680 incolebant,
486 1621 623 1670 accesslsse
646 1619 727 1669 tradit
751 1629 827 1684 atque
845 1619 979 1683 opiniones
1003 1631 1091 1667 eorum
1109 1626 1135 1668 et
1152 1617 1320 1680 amplificasse

213 1709 240 1750 et
256 1703 446 1762 immutavisee3
470 1703 562 1752 horum
586 1711 671 1754 eutem
688 1705 845 1754 dementiam
868 1703 902 1752 ad
920 1717 992 1752 snam
1017 1717 1096 1766 nsque
1114 1702 1207 1750 durare
1223 1715 1322 1750 memo--

212 1785 293 1846 riam,
310 1801 368 1836 cum
384 1785 536 1836 Constantio
555 1788 710 1852 imperatore
728 1772 830 1838 sorores
848 1787 914 1836 duae
933 1801 965 1836 ex
982 1787 1063 1838 Elaal
1079 1799 1173 1849 genere
1191 1791 1264 1834 ortae
1282 1785 1320 1834 di-

213 1869 274 1918 vino
292 1868 391 1918 honore
409 1869 569 1933 efferrentur,
587 1873 718 1934 Marthus,
742 1887 824 1936 nuper
841 1877 944 1920 mortua
961 1871 1021 1932 illa,
1039 1878 1065 1920 et
1082 1869 1235 1930 Marthana,
1253 1883 1319 1931 quac

214 1953 292 2001 etiam
317 1958 371 2002 tum
395 1952 516 2002 viveret.“
551 1953 666 2016 Quocum
689 1971 804 2020 pugnare
826 1955 941 2015 videtur,
965 1956 1033 2018 quod
1052 1953 1243 2004 Erasistrati
1262 1964 1320 2016 post

213 2035 401 2098 sexagesimum
419 2036 539 2102 Origeuis
557 2055 653 2089 annum
670 2041 725 2103 (cir.
743 2039 795 2100 VI,
815 2037 858 2100 36)
878 2037 944 2088 hanc
961 2037 1080 2089 haeresia
1098 2039 1227 2088 exstitisse
1244 2037 1320 2086 docet

213 2113 409 2186 (κατάρχεται),Ι
428 2113 443 2183 ἢ
461 2123 508 2172 καὶ
526 2116 585 2187 ἅμα
603 2123 641 2188 τῷ
660 2117 796 2187 ἄρξασθαι
817 2120 931 2185 ἀπέσβη.
966 2123 1004 2172 At
1021 2125 1077 2186 ipsa
1095 2119 1213 2172 Omesrua
1233 2119 1319 2182 rerba,

214 2219 282 2269 quae
299 2206 389 2256 laudat
406 2212 433 2256 et
449 2193 517 2256 nude
534 2221 607 2258 suam
624 2207 658 2257 de
675 2209 726 2258 illis
744 2208 862 2258 notitiam
879 2207 1007 2256 delibasse
1023 2207 1138 2268 videtur,
1156 2219 1208 2256 non
1226 2206 1319 2255 docent

212 2297 267 2342 tum
284 2291 387 2342 domum
404 2305 449 2340 eos
466 2299 572 2342 exortos
589 2307 659 2354 esse,
681 2293 727 2342 sed
745 2307 776 2342 aa
793 2298 944 2354 tempestate
961 2291 993 2353 (c.
1006 2293 1055 2340 247
1065 2308 1089 2355 p.
1102 2290 1161 2352 Ch.)
1184 2291 1319 2342 ecclesiam

212 2375 431 2426 Palaestinensem
449 2376 610 2426 infestavisse
628 2371 773 2438 (Ἑλήλυθέ
789 2393 827 2431 nc
845 2373 892 2426 tul
914 2375 962 2426 τοῦ
987 2371 1126 2440 παρόντος
1146 2375 1221 2442 μέγα
1244 2390 1317 2442 ppo·

214 2455 271 2508 νῶν
289 2454 335 2507 ἐπὶ
353 2457 403 2508 τοῦ
422 2451 563 2508 δύνασθαι
581 2454 744 2524 πρεσβεύειν
761 2453 876 2524 γνώμης
894 2454 980 2508 ἀθέου
1004 2459 1050 2508 καὶ
1068 2453 1249 2523 ἀσεβεστᾰεης
1267 2474 1319 2507 κα-

213 2541 348 2604 λουμένης
363 2535 559 2604 'ateramum
586 2543 685 2592 νεωστί
706 2537 889 2606 ἀνισταμένης
913 2543 971 2597 ταῖς
998 2537 1165 2606 ἐκκλησίαις·
1189 2537 1279 2602 ἐκείνη
1303 2535 1317 2603 ἡ

213 2617 311 2696 γνώμη
329 2615 375 2676 οἷα
392 2624 463 2691 λέγει
483 2619 554 2675 κακά
573 2626 649 2688 xil).
684 2625 776 2692 Neque
792 2640 854 2677 vero
871 2627 930 2676 ideo
949 2626 1018 2690 quod
1035 2628 1062 2674 in
1078 2625 1145 2676 libro
1163 2622 1233 2676 κατὰ
1252 2637 1319 2674 nuo.

213 2712 301 2777 cipro.
318 2710 405 2774 (quem
421 2711 467 2760 elii
485 2710 591 2774 Orlgeni
609 2711 737 2775 tribuunt3
754 2711 844 2760 [icon
861 2707 1002 2774 (Deutsche
1020 2709 1232 2760 Zeitsohr.1851.
1250 2705 1319 2768 Iun.)

214 2803 240 2846 et
256 2795 358 2846 Burrum
373 2795 422 2844 hl.
438 2795 583 2860 HIppolyto
605 2795 823 2857 vindicaverunt),
847 2797 938 2846 altimo
961 2795 1018 2845 loco
1041 2790 1187 2844 Eleeeaitae
1208 2805 1317 2843 comme·

212 2887 357 2940 morantur,
381 2895 438 2928 cum
462 2879 581 2930 haereses
602 2880 782 2943 chronologico
800 2881 890 2930 ordine
907 2881 944 2930 ibi
961 2887 1157 2939 recenseantur,
1179 2879 1318 2928 novissime

212 2967 272 3011 tuuc
289 2969 392 3012 exortos
410 2963 489 3012 luisse
505 2964 638 3014 credamus
656 2963 995 3030 (cfr.13mssr1.1.p.171.
1015 2963 1088 3024 176);
1106 2965 1159 3012 imo
1176 2960 1240 3012 nihil
1257 2960 1318 3010 inde

212 3053 296 3110 patet,
320 3061 396 3110 quam
421 3047 489 3110 quod
515 3049 599 3098 medio
618 3064 666 3099 sec.
685 3051 762 3099 tertio
780 3064 900 3113 magnam
917 3049 1003 3097 denuo
1026 3046 1200 3096 celebritatem
1222 3045 1319 3094 luerint

212 3132 289 3180 nacti.
324 3129 393 3179 Nam
411 3145 476 3194 quae
493 3133 652 3192 Erramus,
670 3134 740 3182 cuius
757 3133 807 3182 hac
818 3133 844 3181 in
862 3147 890 3181 re
909 3130 1162 3202 ampliorlquaedam
1181 3130 1318 3179 auctoritas

213 3221 266 3276 est,
283 3215 556 3278 quoniammirificum
574 3217 653 3266 Elxal
670 3217 776 3279 librum,
794 3231 845 3280 qno
863 3219 998 3280 opiniones
1016 3217 1070 3265 eius
1088 3214 1221 3278 expositae
1236 3218 1318 3272 erant,

212 3301 292 3366 probe
309 3299 412 3348 videtur
428 3300 531 3348 novisse
548 3300 603 3362 (cfr.
622 3300 768 3351 Graorasu.
787 3302 804 3350 l.
815 3301 833 3349 l.
851 3315 875 3364 p.
889 3302 947 3350 375.
966 3300 1015 3350 392
1034 3299 1087 3359 all.)
1107 3319 1139 3332 -·
1158 3310 1226 3360 quae
1242 3296 1320 3357 igitur

213 3385 246 3436 de
267 3384 343 3434 rebus
365 3383 549 3432 Elcesaitarum
574 3390 599 3432 et
623 3384 750 3447 dogmatis
773 3385 893 3446 tradidit,
918 3399 950 3434 ea
966 3385 1102 3434 Huronrrr
1123 3381 1189 3430 libro
1212 3393 1319 3444 magno-

214 3485 274 3534 pere
296 3468 401 3518 omnino
425 3467 624 3532 comprobantur
646 3468 700 3530 (cfr.
723 3469 794 3518 locos
819 3482 897 3534 snpra
913 3467 1029 3530 citatos),
1053 3471 1079 3518 ln
1103 3482 1154 3531 quo
1177 3464 1319 3514 notandum

213 3554 324 3602 maxime
348 3560 399 3614 est,
422 3553 491 3616 quod
513 3567 608 3602 uorem
630 3558 794 3617 peccatorum
816 3553 993 3602 remissionem
1018 3553 1093 3601 tertio
1117 3549 1225 3600 Traiani
1250 3563 1319 3598 anno

213 3639 324 3688 futuram
342 3639 374 3687 ab
392 3619 517 3686 Elchasai¹
531 3637 689 3686 enuntiatam
708 3637 819 3686 affirmat
840 3637 895 3699 (cir.
914 3633 985 3700 Orig.
1003 3633 1145 3700 philosoph.
1164 3633 1204 3682 ed.
1221 3631 1320 3683 Munna

213 3739 239 3786 p.
251 3718 319 3784 292).
354 3721 426 3771 Haec
443 3719 477 3770 ad
501 3719 691 3771 diiudicandam
708 3719 815 3770 Eusrau
832 3721 984 3770 sententiam
1002 3715 1034 3768 de
1051 3719 1149 3782 origine
1162 3731 1250 3767 eorum
1261 3733 1319 3782 pro·

214 3807 302 3855 latam.
337 3805 363 3855 N
366 3819 394 3854 ec
412 3820 483 3855 secus
502 3805 554 3855 alia
572 3806 616 3854 illa
633 3806 712 3855 verba
729 3812 804 3854 erunt
821 3804 985 3869 explicanda:
1004 3797 1020 3867 ἡ
1039 3802 1085 3852 καὶ
1105 3795 1163 3864 ἅμα
1177 3803 1212 3868 τῷ
1232 3798 1318 3869 ἀρξα-

214 3894 282 3940 odai
300 3887 419 3951 ἀπέσβη,
438 3889 530 3951 quibus
549 3889 715 3952 adstipulavit
732 3889 893 3939 Nicaruonus
910 3889 969 3938 hist.
987 3889 1077 3938 eccles.
1094 3887 1128 3947 V,
1146 3889 1193 3949 24,
1211 3903 1269 3938 cum
1285 3887 1318 3936 ab

215 3975 329 4028 Oaresss
346 3973 465 4024 haeream
482 3974 553 4022 illam
572 3973 706 4023 confestim
725 3974 879 4022 exstinctam
897 3988 952 4022 esse
970 3971 1257 4034 trenorciensium
1274 3971 1284 4018 l
1301 3970 1317 4018 l.

214 4077 239 4126 p.
251 4059 309 4122 19),
332 4072 399 4124 quae
416 4056 553 4105 referenda
570 4057 689 4106 videntur
706 4073 751 4119 eo,
775 4057 844 4121 quod
862 4058 965 4108 turbare
983 4057 1104 4106 eudesius
1121 4055 1252 4107 desierunt
1272 4067 1319 4102 nec

215 4157 371 4208 magnopere
389 4145 479 4206 postea
496 4139 668 4190 innotuerunt.

266 4227 292 4288 3)
309 4227 363 4278 Gir.
381 4227 515 4278 Constanti
532 4239 670 4274 monumm.
689 4227 749 4276 ecel.
767 4223 882 4277 Graecae
900 4225 927 4287 I,
945 4241 969 4288 p.
980 4225 1037 4274 775.

267 4312 293 4372 4)
311 4313 362 4361 Cir.
382 4311 486 4361 Wuucu.
506 4310 522 4360 l.
536 4309 551 4358 l.
571 4325 595 4373 p.
607 4308 666 4360 590.
