3124 4988
512 310 538 386 ῇ.
557 314 582 369 5.
609 309 658 369 Da
676 328 773 371 nanus
791 313 1001 401 Assmonen.
1250 325 1305 366 mu

202 496 232 546 et
249 489 387 550 fortiores
404 490 595 567 subiugarent
606 492 623 550 ¹.
651 492 734 566 Quas
752 503 831 553 artes
849 491 965 569 egregie
982 490 1158 567 perstrinxit
1175 489 1303 563 Hosees,

202 607 267 646 cum
285 590 478 666 Assyriorum
497 610 594 667 regem
612 593 778 668 appellaret
798 608 848 652 :m
871 586 946 666 uun,
971 609 1024 648 rex
1043 588 1305 663 „altercabitur.“²

203 688 300 762 Quam
318 697 415 747 autem
432 691 543 765 perfide
560 701 589 750 et
607 693 753 752 malitiose
770 691 883 768 egerint
900 709 971 768 erga
987 690 1133 766 populos,
1157 709 1221 747 eum
1238 689 1303 764 qui-

202 789 258 847 bus
276 790 532 863 conflictaverunt,
551 793 624 852 satis
642 812 789 869 superque
807 791 922 866 experti
940 798 1010 850 sunt
1025 790 1128 848 Iudaei
1145 809 1164 848 a
1180 788 1303 864 Tiglath

100 876 106 890 ¹
203 888 334 946 Pilesere
358 889 547 968 maximeque
573 913 592 950 a
614 890 808 953 Sanherib0³.
848 892 889 949 Et
913 891 1037 950 simulac
1059 891 1161 950 hostes
1185 889 1303 965 aliquos

203 998 434 1062 superaverunt,
458 998 519 1049 tum
542 993 580 1050 ad
602 993 830 1050 internecionem
849 1010 942 1068 usque
959 1010 1026 1048 cum
1040 989 1162 1048 immani
1179 987 1303 1046 crudeli·

203 1095 263 1146 tate
280 1107 332 1146 eos
349 1091 586 1164 excruciabant
615 1112 675 1170 quo
700 1093 730 1150 in
752 1109 859 1168 genere
874 1091 954 1149 haud
972 1108 1041 1149 raro
1063 1090 1232 1149 universum
1248 1107 1303 1164 po·
1339 1123 1348 1143 0

202 1187 303 1262 pulum
326 1187 356 1245 iu
377 1188 452 1249 alias
475 1191 660 1252 deduxerunt
684 1192 835 1269 regiones,
869 1209 905 1249 ne
936 1209 1075 1268 umquam
1100 1190 1162 1250 suis
1186 1189 1303 1264 legibus

202 1287 302 1346 vivere
317 1307 354 1346 ne
371 1290 472 1348 conari
489 1292 606 1369 quidem
623 1300 747 1367 possent
756 1291 776 1350 ⁵.

252 1387 337 1461 Quae
358 1390 465 1464 agendi
486 1391 563 1450 ratio
581 1401 764 1470 quantopere
786 1389 825 1450 ad
848 1407 970 1448 munera
993 1407 1012 1446 a
1038 1389 1094 1446 deo
1116 1388 1154 1448 iis
1172 1387 1304 1446 iniuncta

202 1487 389 1562 pertinuerit,
408 1489 517 1550 clarius
530 1492 618 1550 etiam
633 1491 822 1568 intelligitur,
836 1490 886 1548 ubi
900 1497 1110 1565 comparantur
1122 1508 1187 1547 oum
1201 1489 1302 1564 Aegy:

202 1587 282 1664 ptiis.
309 1588 366 1646 Est
386 1589 464 1648 enim
482 1591 639 1666 singularis
663 1592 823 1650 necessitas
848 1590 993 1667 quaedam
1016 1596 1106 1665 atque
1131 1587 1302 1660 similitudo,
1367 1577 1377 1588 ’

203 1707 278 1764 quae
294 1687 448 1745 intercedit
463 1689 541 1749 inter
557 1710 621 1749 eam
635 1690 796 1763 rationem,
816 1708 876 1766 qua
888 1687 1042 1758 Israelitae
1055 1705 1121 1746 cum
1133 1687 1302 1764 Aegyptiis,

202 1796 232 1845 et
250 1806 309 1863 qua
326 1805 391 1844 eum
410 1789 546 1866 Assyriis
564 1791 796 1850 continebantur.
824 1790 871 1847 Ac
887 1789 924 1848 de
940 1787 999 1847 situ
1016 1787 1134 1864 quidem
1152 1795 1181 1845 et
1197 1794 1304 1844 natura

204 1888 261 1945 hoc
279 1886 405 1962 primunr
423 1907 591 1964 monemus,
610 1892 690 1969 quod
710 1890 850 1968 propriae
866 1889 1020 1964 utriusque
1036 1887 1120 1964 regni
1133 1888 1217 1946 sedes
1234 1904 1303 1963 con-

202 1988 295 2047 valles
312 1989 452 2046 tenebant
467 1990 527 2049 late
544 2000 694 2067 patentes,
718 1991 842 2050 modicis
866 1988 1016 2047 montibus
1040 1987 1170 2046 inclusas
1195 1994 1224 2044 et
1241 2003 1302 2044 ma

202 2088 268 2164 gnis
290 2088 459 2148 fluminibus
482 2109 623 2151 oceanum
640 2093 807 2168 petentibus
829 2091 986 2168 irrigatas,
1010 2107 1088 2165 quae
1111 2088 1149 2146 ad
1173 2086 1303 2144 indolem

144 2204 148 2216 ·
204 2207 304 2246 eorum
323 2195 352 2246 et
368 2189 431 2246 fata
448 2209 628 2269 magnopere
643 2194 848 2269 pertinebant3
869 2199 932 2249 turn
955 2195 1025 2248 vero
1050 2197 1128 2248 terra
1152 2205 1238 2246 saera
1260 2186 1304 2244 ita

205 2288 281 2345 inter
298 2297 454 2365 utrumque
470 2291 586 2350 iacebat
601 2293 771 2364 interiecta,
794 2300 828 2349 ut
850 2291 979 2349 faucium
997 2287 1216 2364 quodammodo
1233 2303 1303 2361 por·

148 2403 151 2422 ⁸
206 2380 360 2462 torumque
378 2397 491 2462 gereret
508 2391 587 2450 vices
594 2413 602 2463 3
621 2411 696 2466 quas
715 2372 770 2466 qui
783 2389 915 2460 tenebat,
943 2405 1002 2444 non
1019 2387 1115 2445 solum
1131 2387 1217 2443 firmo
1234 2404 1304 2460 pro·

205 2486 372 2563 pugnaculo
385 2490 589 2547 verumetiam
607 2491 792 2565 receptaculo
810 2487 884 2548 satis
902 2494 966 2544 tuto
979 2486 1134 2544 videbatur
1143 2484 1304 2545 instructus

204 2586 302 2658 esse⁶,
321 2587 351 2643 id
374 2588 455 2663 quod
473 2587 630 2648 Sanheribi
652 2589 827 2666 praesertim
852 2595 984 2662 tempore
1006 2586 1070 2644 luce
1087 2584 1195 2643 clarius
1212 2601 1305 2660 appa-

205 2687 273 2746 ruit.
299 2686 386 2745 Unde
411 2690 601 2764 repetendum
625 2698 688 2762 est,
712 2689 811 2767 quod,
835 2708 873 2746 ex
896 2705 957 2764 quo
973 2684 1117 2762 Aegyptii
1139 2692 1169 2742 et
1184 2682 1305 2760 Assyrii

204 2795 306 2845 mutua
322 2787 400 2846 inter
417 2807 448 2847 se
468 2791 644 2850 commercia
660 2798 691 2849 et
707 2788 948 2851 consuetudinem
971 2787 1092 2863 iungere
1117 2792 1277 2861 coeperunt
1284 2781 1305 2856 ¹,

255 2979 280 3041 1)
298 2981 351 3030 Cir.
369 2980 496 3030 Movnusu
512 2981 669 3032 Phoeninier
685 2982 725 3043 11,
744 2997 773 3044 a,
790 2997 814 3046 p.
827 2982 886 3031 378.

255 3067 281 3127 2)
299 3066 352 3116 Cir.
372 3067 435 3114 Hos.
454 3065 487 3126 V,
506 3067 546 3115 13.
564 3067 604 3127 X,
622 3066 647 3115 6.
681 3065 723 3114 De
740 3065 788 3114 hae
805 3077 868 3114 voco
884 3063 946 3112 satis
964 3060 1081 3112 diversae
1104 3073 1145 3107 vv.
1163 3056 1206 3106 d'd.
1229 3059 1306 3106 exsti·

205 3157 291 3199 terunt
308 3149 457 3198 sententiae.
493 3148 564 3198 Certi
581 3149 712 3198 cuiusdam
730 3146 797 3210 ragis
814 3160 922 3206 nomen,
940 3145 1011 3192 cuius
1028 3143 1126 3193 nullum
1142 3153 1250 3202 usquam
1266 3153 1306 3190 rs-

204 3234 302 3297 peritur
317 3232 466 3296 vestigium,
490 3231 531 3280 vel
546 3231 606 3281 ideo
625 3245 681 3281 esse
697 3231 800 3291 nequit,
823 3229 892 3290 quod
915 3225 1036 3276 articulus
1053 3226 1143 3274 deesse
1159 3239 1213 3272 non
1230 3223 1307 3272 debe·

205 3325 258 3380 ret,
271 3316 339 3379 quod
351 3315 503 3379 iampridem
512 3314 622 3364 Rasum
636 3314 799 3378 exprobravit
808 3313 943 3373 Lustrum
961 3324 1008 3360 nen
1024 3309 1115 3357 melius
1129 3305 1307 3371 praedicativi

204 3403 288 3452 forma
303 3400 447 3450 habuemut
464 3397 553 3460 sm,
571 3398 684 3460 Aoumr,
701 3398 824 3458 liranum,
843 3393 1002 3455 Tannonius,
1020 3389 1141 3453 ἔνδικος,
1162 3389 1258 3440 vindex
1274 3395 1306 3439 ct.

205 3485 361 3551 Simpliciter
377 3485 519 3549 explicatur
536 3491 660 3545 tanquam
672 3481 754 3530 altera
770 3483 867 3545 species
878 3480 956 3528 futuri
974 3492 997 3528 a.
1011 3493 1036 3526 r.
1055 3485 1119 3534 Βῆ,
1148 3475 1226 3523 statui
1247 3479 1307 3522 con—

205 3577 300 3619 structo
316 3587 341 3618 v.
369 3556 429 3635 'ztan
462 3567 591 3632 apposita,
604 3580 655 3629 qna
667 3565 769 3629 Assyrii
780 3566 848 3630 regis
860 3563 959 3614 indoles
971 3559 1135 3625 exprimatur.
1153 3557 1198 3605 etr.
1211 3555 1306 3606 Gneus.

205 3653 269 3702 thes.
292 3652 400 3703 Snsonn
417 3667 508 3703 comm.
526 3666 550 3700 a.
562 3651 587 3701 h.
600 3652 633 3712 l.;
657 3662 740 3711 neque
762 3663 825 3699 vero
849 3646 985 3698 statuenda
1006 3650 1045 3694 cst
1062 3640 1214 3712 significatio
1233 3639 1306 3703 dirui-

205 3737 293 3798 candi,
310 3751 399 3786 verum
417 3736 572 3798 altercandi,
590 3733 705 3796 rixandi,
723 3746 788 3795 quae
804 3734 882 3797 longe
897 3729 1065 3782 usitatissima
1082 3731 1136 3786 est,
1153 3724 1198 3775 cir.
1212 3723 1306 3775 Gneus.

206 3820 270 3870 thes.
288 3821 385 3869 a.h.v.
1158 3798 1160 3802 ’

258 3903 285 3964 3)
303 3903 356 3953 Cfr.
375 3901 485 3953 onrrn
503 3919 553 3967 syr.
573 3904 644 3968 ephr.
662 3902 743 3966 Krieg
759 3916 785 3965 p.
798 3900 839 3950 69.

256 3988 283 4050 4)
301 3987 355 4039 cfr.
373 3987 441 4036 infra
458 4003 481 4050 p.
496 3988 553 4037 129.

257 4073 283 4136 5)
301 4072 355 4123 Cfr.
372 4085 431 4136 pag.
446 4071 503 4131 107,
523 4069 557 4119 ad
574 4069 630 4128 III,
649 4071 689 4118 lo.

256 4157 282 4218 6)
299 4157 353 4208 Cir.
371 4153 524 4206 Samosatam
540 4149 828 4203 Universalhistorische
845 4145 997 4199 Uebarsicht
1013 4145 1040 4206 1,
1058 4161 1082 4207 p.
1096 4143 1155 4192 213.
1185 4141 1308 4190 Hastam.

205 4240 304 4292 Bilaam
322 4258 347 4306 p.
359 4241 417 4290 261.
443 4237 546 4289 Srnnrm
564 4235 638 4286 Gaza
654 4249 680 4298 p.
693 4233 749 4283 190.
768 4234 826 4282 191.

258 4324 283 4386 7)
300 4323 434 4375 Eiusmodi
452 4319 641 4373 consuetudinis
665 4318 774 4379 vestigia
798 4315 908 4365 maxims
926 4311 1061 4364 xvmvu
1080 4316 1106 4360 et
1121 4306 1244 4360 ΧΧΙΙ(1110
1262 4307 1308 4370 dy·
