3126 5000
520 307 545 382 p.
564 311 588 364 8.
612 306 661 364 Ds
678 321 800 364 sverin
818 321 976 364 varronvrr.
1203 323 1302 366 cxxrrr

203 490 283 567 quod
306 489 372 548 inde
395 490 583 566 repetendum
610 499 672 561 est,
701 490 781 565 quod
805 490 886 547 nullo
909 508 946 546 ne
963 487 1054 546 verbo
1072 488 1190 564 quidem
1213 490 1302 566 signi·

201 592 321 662 ficetur,
345 610 363 648 a
381 590 557 667 quibusnam
576 589 711 665 gentibus
729 597 813 647 tanto
830 589 954 664 imperio
973 587 1118 646 excidium
1136 597 1302 664 pararetur.

201 691 263 750 Eas
285 700 383 748 autem
406 689 590 767 Babylonios
614 697 703 766 atquc
725 689 829 748 Medos
852 707 918 748 esse
939 689 1015 748 inter
1045 706 1077 746 so
1106 689 1303 761 consociatos,

203 799 263 848 tam
289 811 305 848 e
330 790 458 850 Iesaiae¹
483 798 512 848 ct
534 788 717 848 Habakuki⁹
733 790 831 848 verbis
854 809 944 866 quam
970 808 1008 848 cx
1033 797 1139 848 eventu
1166 789 1305 866 colligere

202 890 284 948 licet:
303 890 341 948 ad
359 909 445 966 quern
463 891 564 966 paucis
582 891 641 948 iam
658 890 870 950 absolvendum
888 891 1103 967 aggrediamur.

495 1067 521 1144 ᾧ.
540 1071 565 1124 8.
592 1080 641 1130 DE
659 1079 808 1130 EVENTU
825 1078 1013 1130 VATIOINII.

254 1191 416 1250 Enuntiato
433 1190 564 1250 Nahumi
590 1193 729 1252 vaticinio
753 1192 902 1269 quomodo
925 1191 1080 1267 paullatim
1105 1192 1144 1250 ad
1171 1201 1306 1252 eventum

205 1310 253 1350 res
270 1292 412 1350 deductae
427 1292 537 1352 fuerint
553 1302 586 1352 ut
609 1312 662 1353 suo
686 1293 789 1350 ordine
815 1310 1033 1369 proponamus,
1060 1292 1188 1366 primum
1210 1311 1307 1350 rever-

204 1392 323 1450 tendum
340 1392 425 1452 nobis
444 1394 584 1452 memoria
601 1402 647 1452 est
662 1393 694 1452 in
717 1413 782 1452 eam
807 1393 1021 1462 conditionem,
1047 1389 1078 1449 in
1104 1412 1164 1469 qua
1179 1392 1307 1452 Iudaeos

204 1501 338 1551 versatos
361 1493 453 1552 fuisse
477 1493 674 1567 ostendimus,
699 1513 763 1553 cum
781 1494 920 1554 Manassc
942 1511 997 1551 rex
1020 1491 1135 1552 vinctus
1153 1493 1308 1569 Babylone

205 1601 365 1664 teneretur3
384 1611 444 1669 quo
457 1593 537 1652 lacto
550 1593 744 1652 laetissimum
757 1594 887 1652 vaticinii
903 1593 1073 1652 conficiendi
1089 1593 1206 1652 initium
1219 1603 1308 1669 atque

204 1693 313 1769 pignus
330 1693 480 1767 quoddam
497 1693 529 1750 in
547 1692 642 1751 reditu
660 1694 738 1768 regis
755 1693 886 1769 positum
902 1694 996 1754 fuisse
1010 1693 1222 1768 intelligemus3
1240 1713 1309 1750 nam

206 1813 271 1851 cum
288 1811 343 1850 rex
360 1793 398 1850 ab
414 1792 607 1868 Assyriorum
625 1793 768 1865 vinculis,
786 1793 915 1868 populus
933 1794 970 1852 ab
989 1792 1097 1852 exsilio
1115 1811 1230 1852 summa
1241 1811 1307 1852 cum

206 1891 403 1954 sollicitudine
422 1902 594 1968 exspectato
612 1903 769 1970 appareret
790 1894 948 1967 liberatus,
973 1893 1052 1952 haud
1076 1901 1185 1951 temere
1208 1911 1308 1968 spera·

127 2027 129 2032 ·
205 1994 279 2053 bant
295 1993 359 2051 fore
376 2001 409 2052 ut
426 1994 463 2052 ab
482 1994 562 2051 omni
580 2014 681 2052 corum
700 1993 900 2054 dominatione
917 2013 989 2054 mox
1006 1993 1232 2052 vindicarentur.

256 2094 318 2151 Vix
336 2102 433 2151 autem
451 2095 649 2172 quadraginta
675 2096 761 2154 annis
784 2095 995 2172 praeterlapsis
1024 2094 1199 2154 luculentius
1222 2113 1309 2152 even-

207 2194 264 2253 turi
282 2195 393 2252 oraculi
411 2195 527 2271 signum
544 2196 677 2255 oblatum
695 2204 756 2268 est,
781 2216 847 2255 oum
863 2196 1041 2267 Phr-aortes,
1067 2195 1221 2252 Medorum
1245 2214 1309 2266 rex,

208 2315 235 2353 a.
253 2313 277 2352 c.
296 2299 345 2352 635
363 2294 475 2352 Ninum
492 2296 651 2354 obsideret.
677 2295 757 2353 Nam
775 2297 827 2372 qui
844 2294 1108 2356 Assarhaddonem
1130 2295 1222 2352 secuti
1240 2306 1310 2352 sunt

209 2394 402 2470 Assyriorum
420 2412 517 2469 reges,
543 2414 603 2453 uon
630 2396 726 2454 solum
750 2395 944 2454 adilatandis
969 2393 1052 2468 regni
1075 2393 1184 2452 finibus
1209 2413 1310 2452 verum

209 2495 297 2552 ctiam
322 2494 531 2554 conservandis
554 2495 689 2552 videntur
714 2495 907 2566 abstinuisse3
932 2493 1004 2552 nihil
1029 2493 1106 2552 enim
1123 2502 1240 2569 praeter
1257 2514 1309 2552 no·

209 2595 289 2653 mina
307 2594 343 2653 de
359 2594 397 2652 iis
415 2594 554 2653 traditum
572 2603 633 2668 cst,
659 2614 755 2671 neque
780 2614 817 2653 ea
833 2595 952 2670 quidem
969 2593 1146 2668 scriptorum
1165 2611 1311 2654 consensu

209 2675 420 2772 comprobata:
450 2715 519 2753 nam
549 2697 745 2754 Ausxnuosn
774 2693 993 2755 Ροωιιιιετοιιὃ
1022 2702 1092 2768 post
1109 2695 1310 2753 Asordanium

209 2795 395 2873 Sammugem
426 2796 547 2874 eiusque
576 2797 698 2854 fratrem
729 2801 762 2854 42
795 2796 881 2856 annis
911 2813 1052 2873 regnasse
1083 2795 1190 2868 tradit,
1218 2796 1312 2853 donec

209 2895 438 2972 Nabopolassar
454 2897 492 2955 ad
510 2915 632 2974 regnum
650 2897 816 2974 perveniret
822 2919 831 2969 3
849 2897 881 2955 iu
898 2915 1011 2956 canone
1032 2895 1217 2954 Proteum
1233 2897 1311 2956 idem

175 2983 177 2986 ¹
210 3016 352 3055 annorum
370 3016 508 3056 numerus
524 2996 728 3057 Saosdnohino
753 3006 783 3056 et
800 2997 987 3074 Cyniladano
1005 2996 1159 3069 tribuitur,
1187 2999 1311 3054 Aaron·

131 3165 132 3168 Ἴ
210 3097 286 3156 nus⁴
303 3105 401 3155 autem
418 3099 542 3156 extremi
562 3099 755 3174 Assyriorum
773 3098 851 3172 regis
869 3117 973 3156 nomen
992 3095 1113 3168 Saraoi,
1133 3097 1183 3154 alii
1201 3095 1310 3156 Sarda·

264 3323 288 3383 1)
306 3323 359 3373 Cir.
377 3323 426 3373 Ies.
445 3321 553 3384 XXIlI,
574 3325 619 3373 18:
640 3325 694 3385 ,En
713 3331 782 3372 terra
800 3325 1002 3387 Chaldaeorum,
1020 3326 1083 3376 haec
1098 3335 1137 3375 cst
1154 3339 1230 3388 gens,
1248 3337 1313 3386 quac

212 3424 264 3458 non
282 3408 331 3456 fuit
348 3407 475 3470 hucusque
492 3405 519 3466 (i.
532 3421 554 3456 e.
573 3423 637 3471 quae
656 3424 708 3458 non
726 3409 778 3456 suis
797 3409 894 3473 legibus
912 3410 996 3460 adhuc
1013 3410 1137 3475 parebat),
1155 3409 1263 3472 Assyria
1281 3435 1314 3447 -

213 3493 320 3544 tradidit
337 3507 394 3542 eam
411 3491 501 3542 incolis
519 3491 626 3555 deserti,
645 3521 677 3530 -«
695 3495 713 3543 ii
731 3502 813 3544 turres
832 3509 890 3544 suas
909 3496 1010 3557 erigunt
1033 3494 1081 3544 ct.“
1105 3495 1180 3544 Hanc
1202 3495 1314 3542 vexatis-

213 3577 270 3626 simi
292 3578 341 3626 loci
359 3577 501 3626 versionem
527 3578 598 3628 unios
623 3579 726 3642 probari
748 3571 837 3642 po'sse,
870 3580 1010 3628 luculenter
1032 3577 1145 3628 ostendit
1167 3578 1314 3628 Ducrrascn.

213 3659 286 3723 proll.
306 3660 338 3708 ad
357 3661 457 3710 Habak.
474 3679 498 3726 p.
512 3664 580 3712 XXI
592 3678 625 3712 ss.

265 3743 291 3804 2)
310 3743 362 3792 cn.
380 3744 408 3804 I,
427 3746 450 3792 6.
472 3743 597 3806 Quoniam
616 3750 642 3798 in
660 3747 798 3798 Habakuki
817 3749 944 3798 vaticiniis
962 3747 1100 3797 Chaldaeis
1118 3743 1211 3794 iudicia
1228 3742 1316 3792 divina

214 3827 246 3876 de
264 3826 382 3890 gentibus
400 3830 535 3878 exercendi
553 3847 643 3882 munus
661 3833 788 3894 tribuitur,
806 3833 884 3882 iidem
903 3833 944 3882 dei
962 3833 1072 3882 ministri
1086 3828 1154 3894 apud
1167 3827 1314 3876 Nahumum

214 3914 269 3962 iura
292 3916 443 3960 statuuntur.
478 3912 553 3972 Quod
571 3929 587 3963 a
604 3916 741 3966 Chaldaeis
765 3924 922 3966 averteretur
939 3917 1037 3978 Ninus,
1059 3915 1161 3979 gravius
1186 3918 1241 3960 erat
1258 3926 1316 3974 pro-

213 3997 348 4060 phetarum
371 3997 465 4056 menti,
488 3999 607 4059 quoniam
632 3998 765 4050 destructis
790 4002 904 4062 Assyriis
928 4015 1052 4050 summam
1075 3999 1113 4046 illi
1137 3998 1205 4044 iuter
1226 4000 1316 4056 gentes

214 4079 354 4144 potentiam
378 4080 486 4128 assecuti
510 4087 575 4127 sunt.
610 4080 745 4131 Medorum
770 4098 848 4148 opera
871 4085 898 4132 in
922 4084 949 4134 ll.
962 4098 995 4132 ss.
1020 4095 1071 4132 non
1094 4085 1316 4138 commemoratur,

214 4179 302 4214 verum
321 4178 335 4212 c
353 4170 468 4212 veterum
484 4164 583 4228 scriptis
601 4168 768 4228 cognoscitur.
786 4185 809 4217 v.
829 4169 905 4218 inira.

267 4247 292 4308 3)
310 4248 362 4300 cfr.
381 4249 484 4298 norma
501 4246 587 4298 chron.
606 4263 669 4298 arm.
686 4248 723 4312 (4)
742 4269 766 4316 p.
779 4255 821 4304 44.

269 4331 295 4397 4)
313 4333 366 4383 Cir.
384 4334 478 4384 ibidem
495 4351 520 4400 p.
534 4334 573 4384 54.
