3126 5000
260 317 307 389 26
671 322 746 382 cir.
758 323 790 396 1,
808 343 836 382 v.
850 326 948 380 7-11.

258 520 342 590 ,ΛΔ
357 527 423 566 cum
441 517 540 589 pas,
559 523 625 565 eum
642 505 796 566 exhibeat:
813 515 845 564 et
858 503 1052 564 inundatione
1067 513 1210 579 operatus
1226 515 1274 564 est
1290 525 1362 566 eon-

259 596 445 671 sumtionem.
496 607 634 668 Ceterum
649 605 854 666 inundationis
870 604 1052 666 trmseumis
1067 604 1197 682 imagine
1213 607 1363 667 exereitus

258 711 359 788 magni
394 710 553 768 adveutum
581 715 685 784 aperte
711 707 844 784 praedici
874 707 1048 766 existimant
1072 705 1227 779 Virmn,
1258 707 1363 781 Hira,

258 813 366 888 quibus
383 809 537 886 respondit
551 807 611 867 ism
622 805 742 881 Maura,
759 817 884 884 propter
900 825 966 885 eeq.‘
980 806 1119 866 tenebras
1136 807 1362 882 praeferendum

258 931 325 971 esse
340 929 460 970 sensum
477 907 655 968 calamitatis
671 907 878 966 ineluctabilis.

311 1007 373 1072 :alm
390 1028 508 1086 semper
523 1027 589 1068 esse
604 1008 673 1066 fem.
690 1008 765 1081 adi,
782 997 1017 1068 consumatum
1032 1005 1162 1082 aliquid,
1179 1025 1275 1084 neque
1291 1027 1363 1067 vero

258 1110 507 1182 consumtionem,
530 1108 574 1166 uti
596 1109 771 1184 interpretes
794 1108 891 1167 cuncti
914 1106 1071 1178 exhibent,
1096 1106 1207 1165 dudum
1223 1109 1364 1182 probavit

258 1211 416 1270 Hnresra
434 1208 575 1269 Christol.
587 1209 633 1282 H,
651 1212 702 1267 513
715 1227 773 1282 sa,
798 1217 903 1268 contra
918 1225 1023 1286 quem,
1047 1206 1129 1282 quod
1145 1208 1261 1288 monuit
1276 1207 1362 1267 Har.-

259 1325 350 1370 vremt.
368 1311 423 1370 Ea.
447 1330 477 1387 p.
494 1313 558 1382 148,
579 1325 656 1372 rrum
677 1327 744 1368 esse
764 1309 903 1387 exsequi,
926 1325 988 1367 non
1010 1306 1112 1382 magni
1134 1309 1274 1368 momenti
1297 1327 1364 1368 essa

258 1419 368 1488 potest.
401 1410 450 1469 De
471 1410 601 1468 formula
620 1408 752 1468 iudiciali
773 1397 893 1474 ‚umam
914 1403 978 1470 ab
999 1407 1053 1466 cfr.
1071 1405 1227 1466 Vmor
1247 1407 1288 1466 ad
1304 1409 1361 1468 lea

259 1513 307 1583 X,
331 1515 375 1568 m.
424 1523 544 1584 ampo,
567 1510 666 1568 locum
687 1509 766 1582 eius,
794 1507 868 1567 Nini
890 1526 957 1568 esee
976 1507 1091 1580 locum,
1118 1516 1200 1566 recta
1229 1508 1364 1586 plerique

261 1611 399 1670 viderunt
413 1609 555 1685 interpr,
572 1618 692 1686 praeter
707 1609 854 1668 Horren.
871 1608 917 1684 (r.
933 1607 1030 1685 supr.)
1046 1616 1078 1666 et
1088 1605 1362 1681 Hmsmrncrmr,

260 1711 312 1789 qui
329 1710 436 1768 mirum
452 1709 548 1782 dictu,
572 1711 640 1768 suli.
657 1709 748 1768 refert
763 1710 803 1768 ad
818 1703 895 1771 niul
929 1709 986 1781 At,
1009 1708 1087 1766 unde
1108 1725 1222 1784 quaero
1237 1707 1363 1785 inteffigi

260 1811 381 1870 omnino
403 1817 522 1886 posset,
552 1810 660 1886 respici
682 1809 811 1882 Ninum,
843 1807 902 1868 nisi
923 1825 1045 1867 monere
1069 1807 1173 1866 titulus
1194 1807 1363 1867 videretur?
1435 1845 1438 1847 -

260 1909 314 1971 cir.
332 1912 372 1970 ad
387 1930 417 1969 v.
433 1916 457 1969 1.
492 1909 584 1970 Omni
606 1911 683 1968 enim
700 1917 782 1970 caret
803 1907 957 1986 analogia,
984 1907 1065 1986 quod
1081 1907 1197 1984 profert
1212 1907 1363 1982 Burnus,

260 2009 370 2087 respici
399 2029 465 2068 eam
496 2010 545 2068 hic
575 2018 605 2069 et
634 2031 664 2070 r.
684 2013 714 2068 ll
745 2027 800 2085 per
829 2008 1043 2084 anastrophen,
1073 2006 1201 2066 nomina·
1220 2008 1304 2068 urbis
1332 2009 1364 2066 in

261 2111 330 2188 ipsa
350 2110 509 2185 prophetia
531 2109 591 2167 non
613 2107 772 2186 expresso3
797 2109 960 2182 ,‚uffectus,
982 2107 1095 2186 inquit,
1118 2115 1149 2166 et
1169 2107 1218 2166 vis
1240 2107 1365 2184 spiritus

261 2212 365 2269 arbem
382 2209 468 2287 quasi
484 2217 669 2285 praesentem
685 2211 791 2281 habet,
808 2209 943 2285 adeoque
958 2208 1112 2267 nominare
1123 2225 1188 2266 eam
1201 2207 1366 2268 nonhabet

261 2305 459 2382 necessum;'“
484 2309 517 2368 in
534 2328 594 2387 quo
611 2311 693 2388 quod
707 2309 840 2387 neglexit
855 2309 901 2381 II,
918 2311 950 2381 9,
974 2308 1146 2367 omittamus
1162 2326 1254 2380 numer
1277 2317 1311 2366 at
1327 2327 1364 2367 eo

260 2427 357 2488 usque
372 2428 434 2469 non
450 2409 628 2488 negligenda
649 2423 727 2470 certe
749 2417 814 2469 erat
830 2408 960 2486 Spiritus
976 2408 1008 2469 S.
1025 2408 1228 2485 providentia,
1252 2409 1364 2486 quippe

261 2527 339 2588 quae
354 2529 415 2569 non
432 2507 564 2570 Nalrumi
580 2512 678 2570 solum
694 2511 748 2572 sed
764 2510 901 2569 omnibus
918 2509 1076 2586 prospexit
1090 2507 1290 2584 temporibus,
1309 2528 1367 2568 nec
1453 2580 1459 2590 Ι

260 2611 389 2671 incertos
405 2629 459 2688 per
475 2611 534 2670 duo
552 2612 668 2688 integra
684 2612 747 2671 fere
762 2611 863 2687 capita
877 2609 949 2670 sinit
964 2609 1090 2668 lectores
1106 2627 1186 2681 esee,
1205 2621 1363 2686 quemnam

259 2711 400 2786 respiciat
416 2720 477 2770 tam
494 2727 586 2787 grave
602 2711 790 2784 vaticinium,
815 2710 910 2768 donec
933 2709 1147 2786 praetereundo
1164 2709 1252 2786 quasi
1267 2708 1363 2768 nomi·

260 2819 361 2883 netur3
378 2811 452 2869 nihil
469 2819 515 2870 est
531 2811 608 2870 enim
624 2813 663 2870 ad
679 2811 726 2884 Π,
744 2815 761 2868 d
777 2829 888 2888 usque,
906 2811 983 2868 unde
998 2809 1250 2886 possitdi'vinari,
1269 2827 1360 2886 quum

261 2918 404 2986 gentem·
417 2927 506 2988 quam
528 2911 632 2969 urbem
653 2907 791 2988 indigitat
805 2919 899 2969 rates.
933 2908 985 2970 Sic
1005 2909 1133 2986 primam
1153 2907 1235 2967 illam
1257 2909 1362 2971 inseri·

260 3009 373 3086 ptionis
389 3015 515 3088 partem,
534 3029 624 3089 quam
636 3011 767 3088 spuriam
780 3029 845 3070 esse
856 3009 936 3070 haud
950 3011 1038 3086 pauci
1050 3010 1240 3082 contendunt,
1258 3018 1362 3068 nostro

260 3127 349 3170 versu
371 3112 494 3189 exposci
517 3120 548 3170 et
571 3110 701 3188 flagitari
724 3122 858 3188 apparet
884 3145 921 3154 -
956 3110 1162 3184 Quaerendum
1186 3118 1232 3170 est
1253 3114 1362 3183 autem,

260 3209 333 3287 quid
350 3211 408 3271 sibi
425 3211 497 3270 velit
512 3212 617 3271 locus
633 3211 724 3285 Nini,
749 3221 779 3270 et
794 3211 945 3289 quomodo
968 3210 1151 3271 discernatur
1166 3211 1243 3269 luter
1259 3209 1375 3269 urbem'
1458 3270 1461 3276 ,

260 3319 292 3370 et
310 3311 408 3371 locum
432 3313 505 3371 eius.
549 3310 706 3372 Oauvmus
727 3311 825 3372 solum
845 3309 1000 3388 intelligit,
1031 3331 1061 3390 q.
1086 3311 1115 3370 d.
1140 3307 1222 3384 „nou
1247 3320 1362 3368 tantum

259 3417 356 3472 terrae
373 3411 556 3488 superficiem
573 3420 701 3485 evertet,
720 3413 773 3471 sed
790 3419 821 3470 et
836 3411 935 3487 ipsum
952 3411 1086 3484 aolum,“
1104 3412 1148 3470 ita
1163 3418 1198 3470 ut
1214 3409 1363 3470 Sodomue

259 3519 291 3570 et
307 3510 496 3571 Gomorrhae
517 3511 678 3572 similitudo
695 3520 838 3588 aequetur
858 3545 895 3554 -
917 3510 949 3569 id
971 3512 1052 3589 quod
1077 3511 1179 3570 durius
1201 3519 1231 3568 et
1252 3509 1363 3569 dictum

260 3619 291 3670 et
306 3609 468 3689 cogitatum
485 3620 540 3672 eet.
580 3607 684 3672 Satius
700 3620 747 3671 eet
763 3611 848 3688 sequi
863 3607 1069 3684 Tarsovmn,
1092 3613 1167 3670 bene
1181 3617 1364 3668 mouentem

260 3707 366 3783 „Nota
383 3711 465 3788 quod
481 3712 512 3770 in
530 3730 554 3770 s.
573 3729 601 3770 su
616 3709 705 3788 saepe
720 3713 765 3772 rei
781 3707 904 3770 alieuim
925 3710 1010 3771 locus
1031 3709 1130 3788 perire
1151 3710 1274 3782 dicitur,
1296 3707 1364 3768 cuin

259 3809 327 3885 ipsa
342 3811 421 3885 perit
437 3811 489 3869 cir.
507 3811 587 3870 Dan.
601 3811 647 3884 II,
665 3814 714 3883 ὣς
736 3813 833 3888 Apoo.
848 3811 926 3884 XII,
944 3815 976 3884 ὃς
999 3812 1078 3884 XX,
1099 3815 1175 3884 ll;“
1195 3811 1246 3870 'sio
1260 3810 1364 3884 Hirr,

259 3909 363 3968 Meua.
381 3909 478 3985 ipeam
494 3911 598 3968 urbem
614 3910 797 3988 intelligunt,
819 3911 909 3989 idque
926 3918 1019 3984 recte,
1042 3930 1111 3970 nam
1129 3911 1155 3970 si
1172 3929 1276 3970 eversa
1292 3911 1365 3970 urbs

260 4015 323 4080 est,
340 4009 423 4068 locus
440 4010 500 4067 iam
517 4028 577 4067 non
594 4010 681 4068 huius
699 4012 782 4070 urbis
799 4018 858 4083 eet,
878 4011 930 4070 sed
947 4010 1024 4070 alius
1036 4012 1083 4070 vel
1095 4011 1221 4083 nullius;
1238 4011 1268 4068 id
1282 4011 1364 4087 quod

260 4107 299 4166 ad
330 4109 505 4168 sententiam
527 4110 589 4168 iere
618 4111 695 4168 redit
716 4109 870 4183 Manain,
902 4111 952 4187 qui
979 4111 1092 4169 confert
1115 4111 1230 4170 dicendi
1258 4113 1364 4188 genus:

259 4207 344 4268 loeus
361 4207 424 4270 eius
441 4229 500 4270 non
517 4209 577 4270 iam
594 4209 678 4270 norit
694 4231 760 4270 eum
777 4210 841 4270 Iob.
855 4209 930 4284 VII,
950 4216 998 4283 103
1016 4211 1106 4284 VIII,
1127 4216 1174 4283 18;
1191 4209 1266 4284 XX,
1284 4216 1310 4270 9.
1328 4245 1364 4254 —

259 4307 375 4370 Nostra
391 4310 490 4372 versio
507 4331 524 4370 e
541 4311 689 4372 veteribus
706 4312 767 4372 fere
783 4291 863 4388 apud
887 4312 984 4372 solum
999 4311 1135 4373 Hieros.
1154 4320 1186 4372 et
1201 4310 1300 4371 Simu.
1319 4331 1364 4370 re-
