3126 5000
260 261 346 306 uxxn
589 241 835 298 Pnonroonrua
863 235 936 295 Gar.
955 237 1011 294 111.

262 427 345 486 sibus
367 423 548 494 absolvimur
576 422 674 498 prima
696 430 794 480 autern
817 422 954 496 stropha,
984 441 1044 498 qua
1067 421 1219 478 tremenda
1241 419 1366 478 Domini

261 525 401 585 iudicium
418 522 608 601 exsequentia
627 523 740 598 species
762 521 969 594 adumbratur,
995 521 1139 597 bipartita
1157 520 1295 595 deinceps
1311 521 1366 578 ha-

261 628 313 687 bet
330 643 467 684 versuum
484 623 633 695 membra,
657 623 773 682 duobus
789 623 837 681 vel
862 622 958 681 tribus
975 630 1140 698 quatuorve
1157 620 1257 680 verbis
1282 631 1365 679 certo

263 726 391 804 quodam
410 724 513 782 ordine
530 723 696 799 composita
702 744 711 794 ;
729 723 823 781 altera
840 731 938 781 autem
954 723 1093 798 stropha,
1111 740 1189 798 quae
1203 720 1367 780 bonitatem

263 826 310 884 dei
324 821 358 884 ¹et
375 823 557 882 clementiam
576 823 673 894 addit,
698 843 758 900 qua
782 842 837 898 per
861 823 989 882 hostium
1006 823 1157 880 interitum
1174 841 1226 880 eos
1248 821 1368 879 redimit

264 934 354 1002 atquc
371 924 484 995 salvat,
503 923 554 999 qui
572 924 598 981 ei
616 923 782 994 confidunt,
800 923 887 999 longe
899 923 1044 982 diversam
1060 922 1181 981 exhibet
1192 923 1366 998 imaginem:

264 1045 349 1096 nam,
366 1024 454 1102 quasi
472 1023 582 1082 effusus
600 1024 745 1081 undarum
763 1042 867 1082 cursus
886 1023 1073 1094 cohibeatur,
1097 1023 1222 1081 alterurn
1240 1031 1368 1082 tantum-

265 1125 353 1184 modo
372 1123 514 1201 cuiusque
532 1142 634 1182 versus
652 1124 814 1181 membrum
833 1142 855 1183 a.
874 1121 996 1199 Sakaph
1012 1123 1154 1198 partitum
1177 1131 1237 1195 eat,
1260 1129 1291 1180 et
1314 1143 1368 1180 nu·

264 1243 362 1284 merus
385 1224 473 1282 etiam
497 1224 653 1282 verborum
677 1225 774 1282 minor
799 1233 860 1296 est,
891 1233 1016 1299 excepto
1048 1223 1098 1280 9¹¹⁰
1126 1241 1230 1295 versu,
1253 1223 1305 1298 qui
1328 1222 1368 1280 ad

264 1324 374 1400 prioris
391 1323 554 1399 particulae
571 1332 707 1382 naturam
726 1324 819 1400 vergit
828 1324 845 1382 ¹.
865 1357 901 1366 —-
919 1327 961 1383 At
979 1344 1065 1396 vero,
1089 1324 1158 1381 licet
1174 1322 1319 1381 eiusmodi
1336 1323 1369 1380 in

265 1424 389 1482 dicendo
407 1443 457 1482 ars
474 1424 553 1482 haud
571 1423 671 1483 multis
688 1425 898 1501 prophetarum
916 1423 1061 1499 exemplis
1082 1423 1218 1482 videatur
1234 1425 1368 1499 aequari,

266 1523 385 1581 nimium
398 1532 495 1581 tamen
509 1524 646 1582 viderunt
660 1525 847 1602 maximeque
861 1533 995 1582 errarunt
1007 1524 1192 1596 Lourinon,
1207 1521 1370 1582 Gnavrus²

266 1623 332 1695 all.,
358 1624 409 1701 qui
434 1623 594 1700 perfectam
618 1625 756 1683 carminis
774 1625 920 1683 rationem
937 1624 1073 1700 indagari
1097 1641 1187 1700 posse
1211 1625 1368 1682 contende·

266 1731 347 1795 runt3
371 1724 477 1800 quiin
510 1723 698 1783 diiudicanda
724 1725 856 1783 vaticinii
879 1725 977 1782 forma
1001 1726 1104 1783 eodem
1130 1724 1201 1782 vitio
1219 1724 1369 1795 laborant,

266 1843 326 1900 quo
344 1843 447 1882 ornnes
464 1824 525 1884 lere
542 1826 753 1901 prophetarum
770 1826 961 1900 interpretes,
981 1825 1032 1901 qui
1045 1832 1170 1883 exeunte
1189 1843 1212 1882 e.
1229 1824 1370 1882 XVIIIvo
1395 1827 1399 1835 '

266 1924 458 1999 scripserunt,
476 1926 515 1983 ab
528 1924 636 1982 idonea
650 1925 815 2001 argumenti
832 1925 1037 1983 aestimatione
1054 1923 1187 1999 impediti
1210 1934 1309 1983 erant:
1334 1945 1370 1982 eo

266 2042 384 2097 nempe,
411 2024 492 2100 quod
515 2023 640 2099 propria
662 2033 691 2082 et
715 2025 857 2100 peculiari
875 2024 1021 2084 visionum
1047 2035 1077 2083 et
1094 2024 1284 2101 propheticae
1303 2044 1370 2083 ora-

267 2122 356 2180 tionis
380 2131 486 2180 natura
511 2123 643 2199 neglecta
667 2123 704 2181 ad
728 2122 888 2182 carminum
913 2126 1057 2184 rationem
1081 2125 1262 2197 referebant,
1294 2145 1370 2202 quae

267 2223 304 2280 ab
323 2221 456 2280 oratorio
474 2222 588 2281 dicendi
606 2242 710 2300 genere
733 2225 939 2300 suspendenda
964 2235 1041 2285 aunt.
1063 2225 1147 2284 Licet
1169 2226 1245 2283 enim
1269 2245 1371 2284 nume·

267 2341 319 2380 rus
349 2331 379 2378 at
408 2323 565 2398 rhythmus
582 2324 733 2402 multaque
751 2325 810 2383 alia
828 2327 995 2384 communia
1012 2326 1071 2385 sint
1086 2326 1172 2401 poesi
1194 2335 1283 2404 atque
1300 2345 1371 2401 pro·

266 2421 401 2497 phetiae,
425 2431 523 2480 tamen
546 2433 729 2500 quantopere
747 2443 765 2483 a
783 2425 945 2484 carminum
962 2427 1067 2486 habitu
1084 2436 1113 2484 et
1129 2425 1227 2484 forma
1243 2427 1371 2503 prophe-

268 2522 328 2580 tica
351 2521 441 2580 distet
464 2523 576 2594 oratio,
608 2524 838 2600 luculentissime
868 2527 1024 2586 ostendunt
1053 2535 1193 2602 poemata
1223 2527 1371 2585 vaticiniis

266 2623 393 2692 inserta,
412 2621 503 2679 veluti
520 2622 585 2679 Ion.
604 2641 628 2680 o.
643 2622 681 2678 ll.
710 2623 768 2680 Ies.
787 2642 811 2681 c.
826 2626 1005 2684 XXXVIII.
1030 2625 1110 2685 Hah.
1129 2646 1152 2684 c.
1166 2627 1220 2686 III.

266 2745 272 2750 ·
318 2720 456 2778 Ceterum
482 2721 619 2778 universa
648 2721 822 2779 evertendae
845 2721 919 2780 Nini
946 2726 1122 2802 descriptio,
1152 2726 1267 2786 etiamsi
1296 2726 1371 2784 adeo

269 2827 375 2877 ornata
399 2819 438 2877 sit
461 2828 551 2894 atque
573 2820 612 2877 ad
636 2819 735 2878 vivum
760 2839 917 2896 expressa,
950 2832 982 2882 ut
1003 2827 1150 2901 ingentem
1174 2827 1285 2885 cladem
1310 2845 1371 2884 non

269 2901 365 2979 solum
389 2937 506 2977 cernere
529 2920 621 2980 oculis
646 2939 749 2978 verum
771 2940 877 2980 raucos
901 2923 989 2981 etiam
1015 2925 1170 3002 plagarum
1194 2926 1371 2984 inflictarum

269 3028 298 3078 et
315 3037 464 3078 armorum
482 3038 693 3079 concussorem
711 3020 865 3097 clangores
883 3023 1004 3095 auribus
1028 3026 1115 3084 nobis
1132 3027 1283 3084 videamur
1305 3045 1371 3100 per-

269 3118 393 3196 ciperel,
418 3129 515 3179 tamen
534 3121 623 3180 habet
640 3121 726 3180 simul
745 3130 888 3180 secretum
906 3124 1018 3200 aliquid
1037 3133 1126 3202 atque
1144 3128 1315 3184 obscurum:
1341 3126 1372 3182 id

320 3332 346 3393 l)
365 3332 418 3382 (lsr.
435 3348 460 3396 p.
474 3332 514 3380 22.
533 3331 574 3379 23.

320 3415 498 3476 2)Lowra1us
517 3413 563 3462 l.l.
583 3422 724 3464 asseverat:
751 3417 833 3480 ,adde
852 3417 920 3480 quod
944 3419 998 3466 eins
1022 3417 1170 3465 vaticinium
1193 3418 1321 3479 integrum
1344 3433 1373 3466 ac

268 3502 362 3549 iustum
379 3506 419 3549 est
435 3502 543 3564 podma3
563 3499 697 3548 exordium
709 3502 871 3563 magnifieum
884 3507 922 3550 eat
935 3507 960 3548 et
972 3500 1047 3564 plane
1061 3506 1208 3562 augustum,
1221 3498 1268 3549 ct.“
1294 3500 1374 3549 Plura

269 3585 345 3632 etiam
368 3597 448 3646 eaque
471 3584 534 3632 satis
558 3584 698 3646 singularia
720 3587 785 3634 vidit
809 3585 934 3645 Garnae,
958 3585 1002 3647 qui
1019 3584 1119 3647 (comm.
1136 3599 1162 3648 p.
1174 3582 1218 3643 30)
1239 3583 1373 3633 exordium

269 3681 301 3714 ex
318 3667 433 3715 versibus
450 3666 566 3716 iambicis
594 3668 709 3717 dimetris
740 3668 911 3718 acatalectlcis
929 3674 954 3716 et
971 3669 1124 3718 catalectiois
1142 3669 1287 3716 alternatim
1305 3683 1373 3718 com-

268 3750 380 3812 positum
398 3763 453 3798 essa
470 3752 613 3813 exlatimat3
637 3754 752 3802 carmina
769 3759 855 3802 autam
872 3752 938 3813 duo,
960 3766 1026 3815 qnae
1048 3759 1183 3816 praeterea
1204 3754 1231 3800 in
1251 3754 1373 3802 vaticinio

269 3831 438 3880 discernenda
454 3819 542 3895 docet,
564 3837 686 3886 trimetris
709 3837 827 3886 iambicis
845 3838 987 3899 composita
1004 3850 1067 3886 essa.
1102 3837 1200 3886 Versus
1225 3843 1324 3897 autem,
1346 3837 1373 3885 in

267 3915 359 3978 quibus
377 3915 527 3966 definiendis
545 3918 621 3980 longe
644 3920 740 3970 recedit
762 3935 778 3969 a
803 3920 940 3984 partitione
957 3920 1143 3981 Masorethica‚
1166 3921 1303 3972 secundum
1321 3926 1373 3970 tra·

268 4004 363 4048 etatum
382 4014 456 4049 soum
473 4000 506 4050 de
523 4004 636 4052 numeris
654 4005 830 4054 Hebraeorum
849 4003 955 4066 poeticis
973 4003 1084 4066 editum,
1102 4012 1131 4053 nt
1147 4007 1306 4068 praestitutis
1320 4017 1373 4054 mc-

268 4083 315 4132 tris
332 4084 383 4132 illis
401 4083 548 4156 adaptaret,
570 4101 622 4134 non
640 4088 742 4138 vocales
760 4093 859 4136 tantum
877 4087 1013 4138 verborum
1032 4102 1120 4136 verum
1137 4090 1194 4152 ipsa
1211 4089 1290 4138 rerba
1307 4088 1373 4138 adeo

268 4165 425 4230 immutavit,
441 4170 486 4218 vix
503 4176 532 4219 ut
549 4170 679 4220 interdum
695 4171 811 4222 Nahumi
831 4171 952 4222 vaticinia
969 4179 994 4221 te
1012 4172 1097 4235 legere
1115 4174 1236 4236 opineris.

319 4248 686 4316 aefflmmeh
