3126 5000
194 289 200 306 ’
270 329 319 400 42
679 334 798 407 cnm,
816 349 844 392 v.
861 337 970 392 12-14.

270 539 371 580 sacras
393 519 550 592 exhibent,
579 517 673 578 Beltis
696 537 720 578 s.
737 519 877 578 Astartes
900 515 1053 595 symbola,
1076 517 1155 578 binis
1178 518 1377 578 circumdatas

269 621 411 680 Assaraci
430 639 453 680 s.
472 619 575 679 Baulis
592 619 764 696 speciebus,
790 636 866 695 quas
882 618 913 676 iu
929 617 968 677 V.
981 618 1038 678 To.
1057 617 1188 678 Nisroch
1205 619 1377 695 appellatas

242 729 247 736 '
270 721 413 794 vidimus,
436 720 517 780 viros
534 719 600 778 dico
624 719 721 795 eapite
743 719 877 797 aquilino
899 726 929 777 et
951 717 1007 779 alis
1028 719 1196 795 praeditos3
1221 727 1378 796 praeterea

270 823 348 898 regis
366 839 511 897 expressa
526 822 622 898 ligura
640 827 700 894 est,
717 819 854 880 instructi
871 819 910 878 ad
927 818 1131 878 adorationem
1148 818 1211 893 dei,
1235 819 1318 880 onius
1335 839 1375 880 ex

270 923 348 980 collo
366 922 496 999 quinque
512 920 642 997 pendent
652 920 805 998 symbola,
823 920 967 997 imagines
981 919 1069 992 solis,
1087 921 1192 993 lunae,
1210 920 1374 995 stellarum,

271 1023 341 1098 pili,
360 1041 420 1100 quo
438 1021 479 1080 dii
495 1023 558 1081 sere
574 1032 772 1093 exornantur,
790 1020 917 1098 denique
933 1018 1061 1080 bidentis
1074 1020 1083 1054 ¹
1092 1042 1101 1093 ς
1123 1029 1228 1099 portas
1244 1021 1307 1080 bini
1324 1041 1375 1080 on·

270 1124 402 1182 stodinnt
418 1123 513 1196 tauri,
538 1121 635 1197 capite
651 1122 781 1181 humano
803 1121 919 1198 alisque
935 1121 1052 1198 magnis
1068 1122 1211 1198 praediti,
1234 1139 1311 1198 quos
1327 1141 1374 1180 rc·

269 1223 346 1282 ferre
363 1223 548 1284 Cherubinos
565 1223 667 1300 negari
684 1223 796 1300 nequit
835 1219 970 1299 Speciem
987 1222 1158 1284 nniversam
1175 1221 1298 1282 sacrarii
1314 1223 1374 1282 As·

270 1325 379 1401 syriani
390 1324 545 1384 restituere
556 1331 680 1384 conatus
693 1324 921 1396 esthrsunus,
933 1323 983 1381 tbe
995 1332 1183 1384 monuments
1197 1323 1233 1381 of
1237 1321 1374 1382 Nineveh

269 1424 331 1484 tab.
348 1426 388 1484 11.
413 1459 450 1468 —
484 1426 535 1484 Ex
557 1425 630 1485 aede
651 1424 743 1502 igitur
763 1424 912 1482 idolorum
936 1423 1090 1484 exscindet
1110 1424 1259 1484 Dominus
1284 1423 1374 1482 simu-

269 1525 350 1584 lucra
368 1543 478 1584 eorum.
515 1543 576 1588 nnn
594 1544 708 1599 secare,
727 1524 915 1598 abscindere,
933 1523 985 1583 Hi.
1004 1525 1208 1602 exstinguere,
1232 1524 1269 1582 de
1285 1523 1375 1584 idolis

270 1626 377 1686 dicitur
392 1626 464 1686 Lev.
476 1627 600 1699 XXVI,
619 1631 668 1699 303
685 1627 773 1686 Mich.
788 1625 827 1698 V,
847 1630 895 1697 123
913 1623 1001 1686 Sach.
1015 1626 1108 1699 XIII,
1126 1631 1152 1684 2.
1178 1620 1238 1689 bon
1253 1623 1375 1702 proprie

269 1727 492 1787 fundamentum
509 1727 646 1804 sculptile
660 1727 790 1800 indicat,
807 1727 854 1786 cui
870 1725 1034 1804 imponitur
1048 1726 1149 1803 imago
1161 1723 1259 1785 fusilIs
1274 1739 1372 1798 ³200,

270 1828 323 1887 cfr.
348 1827 412 1887 Iud.
426 1829 532 1903 XVII,
551 1836 583 1900 43
606 1828 729 1902 XVIII,
749 1833 790 1887 14.
810 1832 850 1887 17.
869 1832 917 1899 203
945 1827 1011 1886 coll.
1035 1825 1192 1886 Hsnusra
1210 1827 1301 1885 Beitr.
1315 1825 1373 1900 ΠΙ,

270 1947 300 2004 p.
315 1933 349 1987 94
361 1948 417 2000 ss.;
436 1929 540 1989 deinde
555 1930 652 2007 partIs
668 1948 777 1988 nomen
788 1929 967 1989 transfertur
982 1928 1022 1988 ad
1038 1935 1149 2000 totum,
1167 1935 1197 1986 et
1213 1927 1250 1985 de
1267 1926 1375 2004 quavis

271 2029 319 2087 dei
335 2028 465 2105 imagine
481 2031 561 2090 valet
576 2029 675 2088 Exod.
689 2030 769 2102 XX,
788 2034 819 2101 ⁷3
842 2029 1018 2088 coniunctae
1039 2029 1119 2087 baud
1136 2045 1206 2086 raro
1228 2035 1376 2105 apparent

271 2148 359 2188 voces
380 2128 470 2188 Deut.
489 2131 595 2201 XVII,
621 2133 667 2202 153
702 2130 766 2188 Iud.
786 2129 893 2201 XVII,
917 2133 943 2187 3.
968 2133 1000 2201 43
1031 2128 1153 2201 XVIII,
1178 2133 1210 2186 17
1228 2148 1285 2201 ss.;
1314 2128 1372 2187 les.

271 2229 419 2303 XLVIII,
438 2233 464 2288 5.
504 2231 561 2292 Est
583 2238 681 2289 autem
703 2231 735 2288 in
758 2231 806 2290 his
822 2229 922 2290 verbis
947 2229 1096 2307 οςτεςίιιω
1120 2228 1241 2290 talionis
1257 2229 1376 2308 divinae

271 2330 454 2407 exemplum:
489 2351 558 2391 narn
580 2331 727 2410 Assyrios
756 2332 882 2391 aliarum
905 2330 1037 2408 gentium
1059 2330 1218 2390 simulacra
1239 2337 1269 2389 et
1293 2330 1376 2388 idola

271 2431 449 2505 exscidisse,
475 2452 537 2491 non
558 2433 647 2492 modo
672 2453 689 2492 e
710 2433 742 2492 ll.
761 2451 800 2493 ss.
825 2432 948 2505 scimus,
973 2431 1025 2490 cfr.
1044 2431 1149 2508 IReg.
1161 2431 1256 2505 XIX,
1277 2435 1307 2488 17
1321 2449 1372 2505 ss,

271 2551 372 2592 verum
397 2533 428 2590 in
451 2533 526 2610 ipsis
543 2535 632 2594 etiam
650 2553 752 2593 eorum
776 2533 973 2592 monumentis
991 2530 1142 2604 videmus,
1166 2532 1218 2590 nbi
1242 2539 1302 2592 tres
1319 2531 1375 2590 mi-

269 2633 337 2693 lites
365 2635 516 2694 securibus
542 2635 711 2711 pereutiuut
736 2635 926 2694 simulacrum
956 2633 1003 2692 dei
1035 2633 1187 2692 cuiusdam
1216 2632 1374 2710 peregrini,

270 2733 380 2810 aliique
399 2734 549 2796 abscissas
571 2735 734 2812 particulas
756 2733 956 2812 ponderant’3
983 2734 1087 2793 eodem
1109 2734 1199 2792 modo
1220 2733 1281 2792 iam
1307 2751 1374 2792 cnm

268 2832 402 2908 ipsorum
414 2834 504 2894 idolis
517 2843 629 2912 agetur.
639 2867 676 2878 -
697 2849 779 2913 ἧπαρ
793 2849 877 2896 urmes
890 2835 1015 2894 diversis
1027 2833 1191 2894 rationibus
1204 2833 1374 2910 expositum

270 2941 324 2992 est.
364 2935 393 3012 1)
409 2935 556 3008 Fuerunt,
581 2934 633 3014 qni
649 2936 816 3013 sepulcrum
840 2936 936 2994 solum
960 2954 1025 2995 esse
1047 2934 1194 2994 obiectum
1217 2934 1374 2994 contende·

269 3041 336 3092 rent
358 3036 441 3093 verbi
461 3050 561 3110 munst,
592 3047 683 3113 atque
704 3037 780 3096 adeo
807 3036 850 3095 sio
873 3044 1035 3096 verterent:
1065 3036 1180 3112 parabo
1207 3035 1373 3112 sepulcrum

269 3143 352 3192 tuum
369 3135 498 3213 (Maca,
516 3137 637 3215 Hrrz.):
655 3138 685 3196 id
705 3138 785 3216 quod
802 3137 875 3196 satis
892 3138 1027 3214 languet3
1049 3137 1080 3214 2)
1097 3135 1164 3210 alii,
1182 3135 1255 3214 quia
1272 3155 1373 3195 accen-

269 3244 317 3295 tus
345 3237 468 3312 docent,
498 3240 571 3298 haec
595 3239 687 3298 verba
709 3258 774 3298 csse
804 3237 1008 3316 coniungenda
1032 3256 1097 3296 eum
1123 3235 1373 3310 antecedentibus,

268 3338 376 3396 autad
400 3346 569 3417 utrumqne,
594 3339 730 3418 sculptile
754 3347 784 3398 et
805 3339 908 3411 fusile,
934 3338 1095 3399 retulerunt
1113 3340 1250 3411 verbum,
1273 3338 1318 3397 ita
1339 3346 1374 3396 ut

269 3437 368 3496 velud
380 3439 503 3500 verbum
517 3441 652 3518 superius
666 3441 775 3500 dictum
790 3455 884 3501 nunes
893 3447 1001 3499 temere
1015 3436 1186 3516 supplerent
1198 3440 1265 3498 suff.
1280 3455 1300 3516 η
1320 3457 1372 3495 -t

268 3539 441 3598 exscindam
458 3549 503 3616 te,
521 3542 658 3618 sculptile
675 3549 704 3600 et
720 3541 808 3600 fusile
823 3541 932 3599 faciam
950 3539 1117 3617 sepulcrum
1133 3546 1216 3598 tuum
1232 3537 1372 3618 (Buram),

269 3638 317 3696 vel
346 3647 379 3698 ut
409 3641 497 3702 tacite
525 3643 686 3718 repetenda
712 3641 917 3701 existimarent
936 3641 1001 3701 'oon
1023 3639 1052 3699 'n
1071 3638 1245 3718 (limo),
1271 3640 1372 3719 idque,

321 3847 347 3910 1)
363 3849 415 3912 Gir.
427 3851 490 3900 Lar.
507 3850 524 3898 l.
537 3848 554 3899 l.
571 3849 615 3913 fig.
628 3853 670 3902 78.
698 3849 858 3914 significatio
875 3852 965 3902 barum
982 3852 1136 3916 imaginum,
1154 3866 1220 3916 quae
1231 3852 1301 3902 band
1314 3865 1374 3902 raro

268 3935 430 3999 reperiuntur
445 3936 473 3986 in
490 3935 586 3985 tubelle
601 3937 768 4000 Assyriorum
784 3936 840 3998 (cfr.
856 3937 919 3988 Lar.
937 3935 981 3986 tbe
998 3945 1161 3988 monuments
1179 3939 1210 3988 ol
1223 3937 1285 3988 Nin.
1302 3937 1374 3988 tabb.

270 4020 420 4070 10.13.14.
438 4021 479 4068 2⁷.
497 4021 540 4071 31.
557 4020 600 4070 48.
618 4021 659 4071 53.
676 4021 719 4081 59)
735 4022 850 4073 noudum
867 4021 1000 4072 enucleata
1017 4025 1080 4073 satis
1097 4023 1375 4086 videtnr310feruntur

268 4119 285 4154 a
307 4105 486 4157 Gnornrsnuro
509 4103 526 4154 l.
543 4105 560 4154 1.
578 4106 631 4170 μθ
655 4106 689 4156 ad
711 4108 822 4170 quinque
844 4107 975 4156 numinum
998 4109 1125 4158 maiorum
1148 4107 1277 4169 ordinem
1304 4107 1374 4157 baud

268 4203 327 4238 raro
345 4197 431 4240 tamen
449 4197 567 4240 ornatum
589 4197 688 4240 tautum
711 4193 848 4257 praebent,
872 4192 950 4243 veluti
968 4193 1066 4258 parvuli
1090 4193 1156 4243 soles
1180 4198 1206 4241 et
1228 4192 1306 4243 lunae
1323 4191 1374 4242 les.

268 4273 323 4336 111,
341 4279 381 4326 Is.

318 4359 345 4422 2)
363 4359 415 4410 Clr.
433 4358 530 4410 Busan
548 4361 565 4409 I.
582 4360 599 4409 l.
617 4376 641 4424 p.
656 4361 717 4410 163.

1542 113 1544 208 l

1541 235 1544 314 1

1543 427 1544 510 l

1542 623 1545 742 l
