3124 4988
505 321 531 397 ᾖ.
549 323 574 378 9.
600 319 656 378 Da·
668 337 795 378 omomn
812 319 955 380 Nerium.
1255 341 1288 382 rx

186 506 233 579 Il,
263 510 280 562 3
311 503 371 564 alio
402 521 491 564 sensu
518 501 720 577 accipiendum
747 519 826 574 esse,
857 503 937 561 intra
965 503 1156 579 probavimus
1185 525 1215 581 p.
1239 509 1288 578 553

186 607 220 683 b)
238 605 342 664 deinde
359 603 538 680 imaginibus
553 602 647 660 utitur
664 621 680 660 e
697 609 776 660 terra
793 621 879 660 sacra
895 603 1013 679 petitis,
1039 604 1091 664 cfr.
1108 605 1132 676 Ι,
1149 611 1176 676 4,
1195 624 1225 680 p.
1241 611 1288 680 183

186 707 217 782 c)
242 705 368 783 denique
385 703 482 762 omnia
500 703 562 761 eius
580 701 676 760 oratio
694 710 796 778 aperte
815 711 929 779 spectat
944 703 1088 776 Iudaeos,
1114 713 1176 762 tum
1194 707 1290 764 uomi-

186 806 280 864 uatim
297 804 465 880 appellatos
478 802 526 875 11,
542 808 565 860 l.
579 806 611 876 3,
630 802 777 862 tumultis
793 802 910 863 iudiciis
922 804 987 862 siue
1002 805 1091 862 dubio
1104 805 1289 882 indigitatoa,

186 907 219 978 I,
238 911 263 964 9.
281 906 327 976 ΙΙ,
347 909 371 962 1.
882 904 884 910 ’

237 1006 277 1062 ΙΙ.
304 1005 467 1080 Pergamus
485 1013 582 1062 autem
609 1003 649 1061 ad
671 1003 792 1062 alterius
811 1003 973 1063 sententiae
997 1005 1223 1064 examinandam
1242 1025 1290 1064 ra·
1316 988 1318 991 ⁵

188 1105 306 1164 donem.
329 1105 385 1164 Est
402 1104 483 1164 vicus
501 1105 638 1181 quidam,
666 1103 782 1163 duobus
798 1104 951 1163 itineribus
969 1123 988 1162 a
1004 1105 1139 1164 Moaeula
1157 1105 1289 1166 distans¹

188 1204 259 1281 (ubi
281 1205 339 1264 sita
361 1205 433 1262 olim
454 1205 555 1264 Ninus
578 1205 675 1280 erat),
716 1195 840 1287 Μὴ
872 1205 1008 1264 Alkoach
1032 1223 1055 1264 s.
1078 1203 1228 1278 Eikosch,
1259 1207 1291 1264 iu

188 1305 271 1366 ouius
288 1305 438 1364 vicinitate
455 1307 569 1364 celebre
587 1303 738 1381 quoddam
760 1305 972 1364 monasterium
989 1305 1135 1381 reperitur
1153 1295 1211 1366 Sti'
1228 1308 1290 1364 An-

188 1405 492 1478 tonii²;·ibiNahumi
509 1405 672 1482 prophetae
689 1404 855 1464 ostenditur
868 1405 1050 1481 sepulcrum,
1065 1405 1182 1466 ludaeis
1196 1427 1291 1484 aeque
1317 1413 1320 1418 '

188 1525 223 1566 ac
236 1505 412 1568 Christianis
429 1524 561 1578 sacrum,
580 1514 609 1564 et
625 1504 800 1564 creberrime
818 1524 837 1562 a
853 1505 1017 1582 peregrinis
1026 1505 1171 1564 adorandi
1185 1527 1292 1566 caussa

188 1606 311 1682 petitum
321 1605 340 1664 ³.
371 1608 399 1683 1)
423 1606 556 1664 Primam
578 1604 642 1664 eius
667 1605 837 1663 memoriam
861 1606 983 1664 tradidit
999 1606 1198 1680 Asanam,
1231 1627 1291 1684 quo

188 1720 309 1766 auctore
325 1706 460 1776 Marcus,
482 1705 642 1764 monachus
659 1704 739 1762 illius
763 1705 900 1763 coenobii
918 1705 1055 1782 quidam,
1074 1725 1098 1764 s.
1112 1707 1188 1764 XVI
1203 1708 1291 1780 med,

188 1807 219 1864 in
242 1806 336 1864 literis
361 1807 399 1862 ad
421 1805 595 1864 Busbeltum
617 1803 710 1876 datis,
733 1804 820 1862 huius
846 1805 934 1864 viculi
957 1814 986 1862 et
1009 1803 1141 1864 Nahumi
1165 1807 1292 1884 sepulcri

188 1905 258 1964 lecit
275 1905 460 1965 mentionem.
486 1904 659 1981 Sepulcrum
675 1904 773 1990 ipsum
789 1905 872 1964 unlla
889 1905 1009 1962 omnino
1026 1921 1204 1982 permagnae
1217 1908 1293 1966 auti-

189 2006 311 2084 quitatia
327 2007 385 2064 fert
402 2005 528 2082 vestigia
536 2005 554 2064 ⁵.
579 2039 615 2050 —
639 2005 830 2081 Quantopere
853 2005 945 2082 igitur
966 2006 1034 2081 ipsa
1056 2007 1292 2067 testimoniorum

190 2107 366 2184 antiquitate
382 2107 454 2166 haec
472 2107 617 2166 sententia
634 2105 728 2164 alteri
745 2105 797 2163 int
814 2108 984 2182 superaturi

239 2210 270 2285 2)
295 2207 434 2279 Accedit,
454 2207 535 2283 quod
547 2206 706 2266 illustrium
717 2206 849 2264 virorum
862 2207 998 2282 seprdcm
1011 2207 1166 2283 pascimin
1181 2208 1293 2268 oriente

189 2309 342 2366 innumera
359 2307 549 2379 exhibentur,
568 2306 649 2367 omui
661 2305 834 2383 plerumque
851 2307 1026 2366 auctoritate
1039 2307 1184 2379 carentia3
1203 2317 1293 2386 atqua

190 2409 221 2466 in
239 2407 307 2482 ipsa
327 2407 380 2465 illa
395 2407 468 2465 Nini
485 2407 606 2484 regione
623 2425 683 2464 nou
701 2405 798 2464 solum
814 2406 937 2464 alonae
954 2408 1068 2464 tumulo
1085 2407 1168 2466 vicus
1186 2417 1216 2465 et
1232 2410 1293 2466 rui·

190 2527 296 2568 narum
324 2525 446 2566 acervus
476 2525 583 2564 nomen
609 2505 727 2580 accepit
746 2503 846 2563 Ncbbi
871 2506 1005 2578 Yuuus⁶,
1032 2526 1133 2565 verum
1158 2507 1295 2567 Obadiae

191 2608 280 2668 etiam
298 2616 327 2666 ct
339 2605 505 2684 lapitham
522 2607 707 2683 aliorumque
723 2596 913 2665 monumenta
930 2615 960 2664 et
977 2607 1113 2682 sepulcra
1130 2627 1149 2666 a
1159 2608 1295 2668 'credulis

191 2717 378 2770 ostentantur
394 2708 509 2768 incolis.

242 2810 272 2888 8)
297 2810 394 2867 Porro
412 2828 477 2868 cum
496 2829 546 2870 aas
563 2817 735 2885 reputarent
751 2809 902 2885 regiones,
926 2807 957 2866 iu
982 2827 1057 2886 quas
1081 2810 1181 2868 decem
1199 2809 1294 2871 tribua

192 2909 311 2970 abducti
333 2911 530 2986 ab'Assyriis
554 2910 738 2982 viderentur,
762 2909 814 2968 alii
829 2909 905 2966 thuin
931 2911 1092 2968 sententiae
1115 2911 1294 2986 patrocinati

192 3019 276 3083 suut,
299 3009 351 3069 alii
377 3011 538 3070 extiterunt
561 3010 732 3070 adversarii.
768 3010 947 3068 Monuorunt
969 3010 1046 3067 enim
1070 3009 1236 3070 Hrnnrorus
1260 3020 1297 3069 'et

193 3110 394 3181 Knouuarus,
415 3131 475 3168 nou
498 3111 530 3168 in
546 3111 617 3168 illan
632 3108 772 3186 propriae
784 3106 935 3185 'Assyriae
951 3110 1057 3186 plagas
1075 3118 1294 3186 transportatus

193 3229 258 3268 esse
279 3209 448 3281 Israeliten,
472 3211 529 3270 aed
557 3211 588 3268 iu
610 3209 872 3284 Mesopotamiam,
905 3209 1119 3284 Babyloniam,
1150 3211 1294 3283 Mediam,

194 3310 300 3376 Gozau
316 3309 380 3380 ull.;
399 3307 745 3369 contraWrouunnnus⁸
761 3309 792 3366 iu
808 3307 876 3383 ipsa
892 3307 1078 3381 Adiabenen,
1097 3327 1181 3386 qnae,
1190 3317 1296 3385 postea

245 3590 270 3654 Ι)
287 3587 340 3638 Cir.
351 3587 459 3660 ,Βιττιιιι4
477 3587 558 3636 Erdk.
576 3588 631 3650 IX,
649 3603 672 3652 p.
686 3589 744 3638 746.
794 3633 797 3640 ,

245 3671 270 3733 a)
289 3671 341 3720 on.
359 3673 455 3722 inirem
473 3691 497 3738 p.
511 3674 569 3722 743.
632 3659 638 3691 '

245 3757 270 3816 3)
286 3745 341 3808 cfr.
359 3757 492 3808 Nmauaair
513 3757 775 3820 Reisebcschreibung
792 3754 858 3804 nach
877 3755 956 3804 Arab.
975 3762 1007 3804 ct.
1029 3753 1072 3816 11,
1090 3768 1115 3817 p.
1128 3753 1186 3803 352.
1223 3741 1296 3804 lima.

194 3835 324 3892 narrative
341 3839 384 3902 H,
402 3858 426 3905 p.
439 3844 480 3892 99.
498 3843 534 3892 Μ.
547 3843 659 3892 Lernan.
677 3842 694 3890 l.
706 3841 722 3888 l.
741 3855 765 3903 p.
780 3839 828 3889 125
841 3854 874 3888 ss.
892 3837 986 3889 Rima
1003 3839 1020 3888 1.
1033 3839 1049 3888 l.
1068 3837 1125 3900 1x,
1141 3853 1166 3903 p.
1181 3839 1232 3890 743
1246 3855 1279 3889 ss.

195 3957 198 3964 ,
244 3925 271 3987 4)
288 3925 412 3976 astrion.
430 3927 520 3974 onena
539 3927 565 3987 1,
583 3927 642 3976 aaa.
660 3925 714 3986 111,
734 3926 763 3984 1,
782 3936 808 3984 p.
820 3924 878 3974 352.

246 4012 273 4072 a)
290 4011 345 4064 cn.
363 4009 476 4062 aaran.
494 4011 510 4059 l.
524 4011 541 4058 r.
560 4027 583 4074 p.
597 4011 654 4059 116.

197 4131 200 4139 «
244 4097 271 4158 6)
288 4096 340 4148 Cir.
359 4096 471 4148 Lavauu.
490 4093 506 4140 l.
518 4092 535 4140 l.
553 4109 577 4156 p.
591 4093 648 4142 250.
667 4093 725 4142 961.

246 4181 271 4243 7)
289 4179 342 4238 Cir.
360 4177 539 4230 Naturali.
557 4175 598 4236 11,
617 4193 640 4240 p.
654 4178 711 4227 357.
730 4175 824 4227 Rrrrrn
841 4177 895 4239 XJ,
913 4189 937 4242 p.
950 4180 1008 4227 202.

247 4262 272 4323 8)
290 4265 454 4315 Wmannuaus
473 4261 519 4311 das
536 4261 597 4309 Exil
614 4261 661 4310 der
677 4261 742 4311 rehu
761 4261 874 4312 stimme
892 4251 999 4320 Iar-sels,
1018 4257 1163 4310 Zeitsohrilt
1181 4260 1205 4308 d.
1224 4260 1296 4310 deut-

195 4347 271 4398 schen
289 4350 412 4422 morgcul.
426 4345 571 4400 -Gesellscb
592 4347 622 4407 V,
643 4347 721 4407 1851,
740 4364 764 4412 p.
777 4347 933 4398 367-482.
