3122 5002
648 286 721 348 Gne.
736 289 796 362 111,
814 309 842 348 v.
855 293 882 348 8.
1243 285 1312 356 103

213 469 315 530 sertim
331 489 454 528 numero
472 489 647 546 expressum
664 471 774 549 Nape,
792 471 832 530 ad
849 471 1016 530 universam
1034 472 1134 532 urbem
1148 472 1228 530 haud
1243 492 1312 532 raro

212 570 387 630 nanslertnr
399 569 416 626 ¹.
442 570 517 628 Erat
539 579 637 630 autem
659 581 749 647 caput
771 571 932 647 superioris
955 571 1105 648 Aegypti,
1129 571 1215 630 sicuti
1239 572 1312 635 infe·

212 669 300 730 rioris
316 669 479 745 Memphis,
498 679 527 728 et
544 689 604 746 quo
622 671 719 731 maior
737 691 756 730 a
772 671 877 747 primis
893 671 962 730 inde
979 671 1162 747 temporibus
1180 673 1313 748 superio·

210 769 253 828 ris
277 769 362 846 regni
388 777 453 828 erat
469 771 630 832 auctoritas
649 780 678 830 et
693 772 840 848 potentia,
865 791 900 830 eo
918 771 1087 832 Thebarum
1109 790 1228 849 quoque
1249 791 1313 832 ma-

210 869 334 946 gnitudo
352 877 381 928 et
399 869 520 928 divitiae
538 879 567 928 et
584 872 800 948 magnificentia
817 871 939 950 reliquis
946 871 1078 948 Aegypti
1091 872 1310 948 praecellebant

211 969 352 1041 urbibus;
377 969 467 1046 quid?
498 971 578 1048 quod
601 972 640 1031 ad
663 963 880 1032 sacrum'hnnc
901 971 1058 1030 Ammonis
1085 964 1185 1030 locum
1215 973 1312 1034 omnis

211 1069 428 1146 Aegyptiorum
447 1070 534 1148 qnasi
558 1071 673 1148 cogitur
697 1070 848 1144 historia².
875 1071 1035 1148 egregiam
1058 1071 1135 1144 eius,
1162 1091 1221 1149 quo
1240 1073 1311 1132 olim

210 1169 375 1246 gaudebat,
398 1170 585 1246 splendorem
607 1172 710 1248 ingens
731 1173 785 1231 illa
807 1172 984 1248 templorum
1007 1179 1037 1230 et
1057 1171 1238 1248 palatiorum
1260 1173 1310 1234 de·

210 1277 387 1329 structorum
414 1269 508 1329 moles
529 1291 584 1347 per
604 1273 683 1332 latos
707 1291 828 1350 campos
851 1272 945 1332 effusa
974 1273 1055 1347 apud
1077 1272 1159 1332 vicos
1181 1272 1312 1332 Medinet

210 1370 296 1442 Abu,
320 1369 454 1446 Lugeor,
478 1369 604 1432 Karnak
627 1380 753 1434 testatur
768 1373 929 1448 hodieque,
952 1391 1048 1448 neque
1072 1372 1163 1432 ullam
1185 1373 1309 1449 reperiri

208 1477 270 1528 tam
298 1471 441 1546 grandem
470 1479 591 1549 tamque
620 1473 768 1534 excelsam
798 1473 950 1532 ruinarum
977 1472 1179 1546 maiestatem,
1209 1474 1309 1535 omnia

209 1570 345 1646 deinceps
361 1570 514 1632 itineraria
530 1571 704 1634 affirmanti
722 1605 760 1616 —-
782 1577 826 1632 At
841 1591 913 1632 vero
930 1571 980 1630 No
998 1575 1128 1632 Ammon
1149 1591 1215 1634 esee
1231 1573 1309 1634 Tbe-

208 1669 278 1744 bas,
292 1678 396 1730 nostra
408 1671 524 1730 demum
536 1673 679 1732 memoria
692 1674 877 1734 consentiunt
892 1672 1082 1748 interpretes,
1095 1672 1310 1734 Remiserunt*

208 1779 238 1830 et
249 1771 394 1830 chnrurt
413 1772 520 1844 secuti;
538 1773 658 1832 fuerunt
670 1781 783 1846 tamen,
802 1772 853 1852 qui
865 1780 1024 1850 praeeunte
1036 1771 1166 1833 Iouem.
1179 1782 1218 1832 =et
1231 1773 1308 1832 Hm·

207 1885 352 1942 nonme,
375 1871 413 1930 ab
427 1871 600 1932 ‘institutore
616 1891 670 1934 suo
683 1861 731 1934 'ite
747 1874 867 1946 edocto,
893 1872 1176 1932 Alexandriam
1201 1872 1309 1932 intelli-

206 1978 323 2046 gerent,
341 1969 400 2030 situ
417 1971 479 2032 eius
496 1973 626 2034 maxime
642 1974 799 2047 commoti,
826 1971 935 2046 Onna,
961 1971 1077 2044 Geor,
1100 1972 1183 2046 Iura,
1206 1972 1307 2046 Prso,

206 2069 319 2144 Deus,
337 2071 459 2132 Menon.
477 2081 507 2132 et
523 2074 571 2134 vel
586 2093 640 2150 per
657 2075 808 2152 prolepsin
824 2093 885 2133 una
902 2092 968 2132 cum
985 2072 1144 2133 existentia
1156 2073 1308 2135 interitum

205 2172 404 2247 praedictum,
422 2173 471 2232 vel
487 2175 630 2250 oppidum
648 2176 813 2252 quoddam,
832 2175 911 2252 quod
930 2181 1019 2234 antea
1036 2173 1098 2232 eius
1113 2174 1213 2232 locum
1225 2182 1308 2234 tenu-

205 2271 279 2332 isset
300 2272 483 2348 appellatum
506 2275 661 2347 docerent,
685 2276 753 2354 licet
770 2273 934 2336 Srasaoun
957 2282 988 2332 et
1003 2274 1164 2333 Perseum
1186 2282 1308 2335 auctore

208 2360 303 2448 κώμη
323 2379 437 2430 tantum
453 2373 502 2430 ibi
512 2374 705 2449 reperiretur,
723 2375 895 2452 priusquam
912 2375 950 2432 ab
957 2373 1132 2432 Alexandro
1150 2373 1221 2432 urbs
1239 2391 1308 2432 con·

206 2472 332 2532 deretur.
369 2471 431 2530 Alii
452 2481 551 2532 autem
575 2473 782 2550 Diospolin
805 2473 982 2538 minorem
1004 2479 1194 2549 acceperunt,
1219 2491 1308 2550 super

206 2572 371 2632 Mendetem
397 2572 428 2630 in
452 2574 592 2650 Aegypto
617 2573 756 2634 inferiore
778 2573 884 2647 sitam,
908 2573 1082 2651 praesertim
1100 2593 1166 2632 cum
1183 2571 1306 2634 Semne

205 2672 329 2734 lacubus
354 2691 420 2732 eam
444 2673 654 2734 circumdatam
676 2674 768 2736 fuisse
791 2674 920 2734 traderet
942 2674 976 2750 (l.
998 2673 1104 2748 xvn,
1128 2692 1153 2732 c.
1168 2674 1199 2731 I:
1223 2665 1308 2746 Διὸς

207 2762 308 2846 πόλις
328 2769 386 2832 καὶ
407 2762 443 2832 αὶ
465 2767 544 2854 περὶ
566 2762 668 2856 αὐτὴν
696 2766 834 2854 λίμναι),
852 2774 1173 2847 Knmusu.,K1urnu.;
1191 2782 1307 2849 atquo-

207 2874 296 2932 modo
315 2875 473 2936 obscurum
488 2874 562 2934 illud
579 2877 722 2953 oppidum
739 2875 906 2952 comparari
919 2874 1000 2934 Nino
1021 2883 1112 2952 atque
1128 2875 1202 2934 adeo
1220 2893 1306 2950 prae·

207 2974 333 3036 stantius
351 2993 416 3035 esse
432 2974 490 3032 dici
505 2977 624 3051 possit?
645 2977 719 3051 'Quo
736 2977 865 3049 accedit,
889 2976 969 3054 quod
985 2976 1080 3052 probe
1097 2975 1211 3034 monuit
1227 2975 1307 3034 Zoe-

206 3090 291 3132 ruus:
316 3076 408 3146 „urbe
434 3073 584 3134 Ninevitis
601 3078 739 3153 ponenda
757 3078 795 3136 ob
814 3077 917 3136 oculos
935 3084 1015 3147 erat,
1042 3095 1118 3152 quae
1135 3094 1196 3134 non
1213 3073 1308 3150 magis

206 3181 314 3232 natura
330 3181 360 3232 et
375 3172 507 3232 mirificis
523 3174 651 3236 molibus
668 3177 799 3248 munita,
822 3195 912 3252 quam
929 3183 1051 3250 propter
1067 3173 1185 3250 imperii
1203 3173 1307 3248 ampli·

206 3273 337 3332 tudinem
354 3281 383 3332 et
401 3273 622 3332 diuturnitatem
640 3275 851 3336 florentissima
867 3281 960 3345 esset,
979 3282 1012 3332 ut
1027 3273 1186 3332 Ninevitas
1199 3272 1274 3330 illud
1291 3293 1308 3330 e

206 3374 277 3434 fatis
299 3381 399 3434 entre
424 3373 504 3434 urbis
528 3383 756 3450 cognoscerent,
781 3373 862 3451 quod
884 3375 952 3449 ipso
975 3391 1031 3433 usu
1053 3372 1142 3433 etiam
1165 3371 1307 3432 mortales

206 3473 381 3534 docentur.“
425 3472 522 3534 Situm
539 3493 609 3532 vero
627 3495 674 3534 vv.
692 3493 778 3554 seqq.
796 3473 976 3550 descriptum
1000 3473 1129 3550 perbene
1160 3471 1309 3550 quadrare

206 3575 238 3634 in
254 3575 393 3647 Thebas,
409 3574 564 3634 confestim
581 3574 704 3651 patebit.

258 3883 285 3944 1)
302 3882 356 3934 cn.
374 3884 480 3936 bursius
497 3883 585 3936 Briete
604 3902 628 3950 p.
640 3889 691 3938 2⁷2
709 3903 743 3938 se.

257 3967 283 4028 2)
299 3966 332 4016 Id
349 3967 418 4032 quod
434 3968 529 4018 ibidem
546 3969 687 4020 luculenter
703 3972 862 4038 perstrictum
880 3971 1013 4035 reperitur.

258 4049 284 4112 3)
301 4052 354 4102 Cir.
371 4053 458 4102 Zonrur
475 4054 568 4103 librum
587 4068 664 4118 supra
680 4056 712 4116 1.,
735 4062 761 4104 st
777 4056 856 4104 libros
875 4068 892 4104 a
909 4053 1023 4106 Gremio
1041 4052 1105 4102 thes.
1124 4067 1148 4102 a.
1165 4067 1189 4101 v.
1213 4058 1238 4099 et
1255 4050 1311 4101 Wr-

206 4149 271 4186 unnc
289 4135 367 4187 R.W.
385 4151 409 4186 a.
427 4137 534 4199 citatos,
557 4137 648 4202 quibus
670 4139 738 4188 adde
755 4140 863 4189 Inrsrur
886 4137 903 4186 l.
921 4138 938 4187 l.
962 4153 985 4200 p.
999 4137 1143 4188 ecc-303
1168 4142 1194 4184 et
1220 4133 1250 4184 F.
1276 4135 1309 4184 A.

209 4219 343 4284 smnus,
362 4219 415 4272 Sin.
434 4235 458 4271 u.
477 4221 553 4286 Golg.
571 4223 616 4285 (V)
634 4241 658 4290 p.
672 4223 790 4275 66-77.

260 4306 288 4367 4)
304 4306 409 4372 Phnlsg.
428 4323 451 4370 p.
465 4307 489 4356 6.
508 4307 531 4355 7.
