3126 5000
635 280 709 340 Chr.
722 281 767 354 11,
785 301 814 340 v.
830 287 853 340 1.
1248 278 1295 348 47

195 464 402 541 prehendatur.
429 465 571 526 Delibata
586 472 685 526 autem
701 464 774 526 haec
790 463 882 524 verba
898 482 964 524 esso
981 483 1000 522 e
1014 463 1071 524 les.
1081 463 1148 540 LII,
1162 471 1188 540 7,
1206 486 1298 544 supra

194 566 254 624 ism
272 564 417 639 diximum
434 566 478 626 ibi
494 568 568 628 haec
584 567 646 626 fere
662 565 801 642 legimust
820 583 931 643 „qnam
949 565 1063 641 pulchri
1080 568 1196 626 suntin
1213 588 1296 628 mon·

195 666 275 726 tibus
291 666 382 743 pedes
398 667 507 741 nuntii,
530 666 730 744 praedicantis
746 685 866 743 paoem,
889 666 1053 726 nuntiantis
1069 666 1193 740 bonum,
1211 687 1297 745 prae·

194 767 322 826 dicanda
339 767 481 842 salntem,
499 768 624 828 dicentis
638 766 740 826 Zionis
757 775 863 844 regnat
878 767 951 826 deus
968 767 1071 826 tuusi“
1107 767 1192 842 Quae
1206 770 1298 828 verba

194 868 341 946 integram
363 869 520 928 conficiunt
542 868 717 945 particulam
733 867 907 946 magnificae
927 867 1008 928 illius
1024 867 1167 928 orationis
1182 888 1207 928 c.
1224 869 1294 928 LI-

195 968 267 1042 LII,
287 973 334 1041 lt,
359 989 419 1046 qua
436 970 608 1046 depressum
623 988 677 1046 per
699 967 808 1028 iudicia
823 969 967 1044 populum
984 975 1068 1028 vates
1084 969 1233 1044 promissa
1249 989 1296 1030 sa·

195 1069 257 1128 lute
281 1076 310 1127 et
325 1069 439 1130 laetitia
462 1071 559 1148 erigit.
600 1069 692 1132 Cuius
715 1066 923 1145 promissionis
945 1068 1119 1128 certitudine
1143 1089 1196 1146 per
1218 1090 1296 1130 com·

195 1170 438 1232 memorationem
453 1171 687 1248 omnipotentiae
703 1169 822 1229 divinae
839 1180 868 1228 et
878 1169 1005 1228 Messiae
1017 1169 1152 1230 mittendi
1164 1172 1297 1232 stabilita

196 1270 239 1346 (v.
256 1272 369 1350 1-16),
393 1271 599 1350 praesagiente
621 1272 721 1332 animo
738 1271 852 1330 tristem
877 1277 907 1329 et
923 1269 1095 1347 captiuitatc
1111 1271 1298 1349 Babylonica

196 1371 339 1430 deiectam
359 1371 501 1432 Israelem
523 1372 685 1451 alloquitur
712 1391 741 1431 v.
763 1377 794 1430 17
811 1390 867 1432 ss.=
902 1370 1006 1430 deletis
1028 1370 1181 1446 hostibus,
1210 1373 1297 1432 sicuti

197 1471 357 1548 Aegyptiis
373 1481 403 1532 et
419 1473 571 1551 Assyriis,
588 1474 632 1534 ita
648 1473 715 1534 istis
732 1491 851 1550 quoque
867 1479 897 1531 et
918 1455 1056 1532 omnibus
1073 1472 1192 1532 omnino
1208 1473 1297 1532 liher-

196 1580 286 1632 tatem
313 1573 352 1634 iis
379 1581 410 1633 et
430 1573 641 1634 beatitudinem
663 1573 734 1632 olim
756 1572 907 1632 conciliari
914 1593 923 1644 3
951 1580 1095 1650 properat
1123 1571 1229 1632 deinde
1258 1575 1297 1634 ad

194 1673 369 1734 iausdssimi
384 1674 471 1734 huius
490 1673 549 1733 diei
566 1674 774 1752 cogitationem
791 1671 866 1744 LII,
883 1693 911 1732 v.
926 1677 958 1730 6:
992 1673 1086 1746 „ideo
1107 1673 1160 1733 illa
1178 1674 1225 1734 die
1248 1693 1297 1734 co·

194 1781 319 1850 gnoscet
341 1791 414 1850 gens
437 1795 504 1834 mea
526 1793 633 1834 nomeu
658 1793 770 1847 meum,
793 1772 861 1832 ideo
884 1771 937 1832 illa
953 1772 1016 1847 die,
1041 1791 1097 1850 ego
1120 1775 1198 1834 cuim
1220 1793 1296 1848 sum,

195 1874 248 1951 qui
263 1873 412 1952 loquitur,
435 1895 470 1934 en
488 1877 549 1935 mei
559 1880 578 1910 “
622 1874 739 1951 Quibus
756 1874 880 1932 vocibus
903 1893 969 1932 cum
986 1885 1088 1950 aperte
1104 1885 1299 1951 praeparetur

195 1975 312 2035 notatio
330 1995 430 2036 earum
448 1996 561 2051 rerum,
585 1977 693 2055 quibus
710 1975 857 2055 cognituri
873 1975 931 2034 sint
946 1993 1054 2034 nomen
1070 1974 1117 2034 dei
1135 1994 1187 2034 seu
1205 1977 1298 2036 mani-

194 2075 396 2151 festationem,
415 2078 569 2138 confestim
587 2077 736 2156 sequitur:
754 2075 875 2152 „Quam
891 2075 1007 2151 pulchri
1018 2084 1088 2136 sunt
1103 2077 1133 2135 in
1148 2077 1298 2138 montibus

195 2178 285 2253 pedes
296 2182 316 2212 “
341 2186 395 2238 etc.
444 2179 625 2238 Exclamant
652 2178 759 2238 dunde
780 2187 811 2238 et
839 2177 967 2237 iubilant
988 2177 1126 2236 custodes
1158 2177 1299 2238 simulet

195 2277 310 2338 incolae
327 2278 425 2352 mbis,
448 2279 660 2340 redemtionem
677 2297 762 2339 suam
779 2279 983 2355 praedicantes
1000 2298 1029 2336 v.
1041 2281 1058 2336 8
1070 2296 1110 2338 ss.
1154 2277 1298 2338 Videmus

196 2395 267 2460 ergo
283 2398 313 2436 v.
327 2383 402 2435 qnam
419 2381 593 2440 necessitate
615 2379 717 2457 aliqua
739 2388 769 2437 et
790 2395 951 2454 progressu
968 2377 1110 2436 contineri
1133 2396 1199 2436 cum
1215 2386 1297 2437 aute·

195 2477 365 2538 cedentibus
388 2487 418 2538 et
440 2479 645 2557 sequentibus;
670 2498 706 2538 ac
730 2479 756 2540 si
772 2478 951 2538 conferimus
968 2476 1154 2551 Nahumnm‚
1180 2498 1196 2538 e
1218 2497 1297 2538 nexu

195 2578 338 2638 solutiore
354 2579 442 2638 facilc
458 2579 645 2657 intelligitur,
669 2579 782 2638 iontem
799 2596 865 2638 essc
880 2578 1023 2651 Iesaiam,
1042 2578 1120 2637 unde
1136 2579 1229 2638 verba
1244 2579 1298 2637 illu

194 2679 350 2740 deduxerit
358 2701 367 2752 3
384 2699 453 2740 nam
466 2689 496 2740 et
508 2680 633 2742 recitata
645 2681 765 2742 brevius
776 2686 856 2752 sunt,
874 2686 905 2737 et
920 2676 1098 2738 arctioribus
1115 2678 1297 2739 circumscri-

194 2788 264 2856 ptus
284 2781 392 2842 finibus
415 2780 480 2858 ipsa
502 2782 589 2842 etiam
618 2799 722 2842 sensus
744 2781 869 2842 videtur.
911 2779 1024 2840 lessius
1051 2778 1129 2838 enim
1152 2799 1297 2852 „ornnem

194 2880 286 2940 iuturi
309 2883 451 2959 temporis
477 2883 601 2944 salutem
625 2901 685 2944 una
707 2882 794 2961 quasi
817 2880 914 2958 specie
937 2880 1174 2957 comprehendit,
1196 2881 1241 2940 ita
1264 2889 1297 2940 ut

193 2982 380 3044 strictissimo
398 3002 487 3045 sensu
503 2984 625 3044 effatum
643 2983 739 3061 possit
755 2982 903 3042 nominari
920 2982 1116 3055 Messianum,
1135 2982 1188 3040 cir.
1206 2981 1295 3042 Rom.

192 3082 242 3155 X,
261 3085 308 3154 15;
330 3084 408 3142 unde
431 3091 529 3144 tamen
546 3093 668 3144 eventus
690 3091 723 3143 ut
745 3084 788 3142 ita
804 3083 901 3144 dicam
926 3082 1040 3158 praevii
1057 3101 1117 3140 non
1134 3082 1296 3140 excludun-

193 3189 256 3255 tur,
282 3182 399 3259 qualern
420 3183 577 3244 Nahomus
600 3183 725 3244 Ninivcs
749 3183 870 3243 interitu
891 3189 1029 3257 paratum
1051 3181 1088 3238 iri
1110 3181 1240 3240 intuetur
1254 3182 1295 3242 ¹.“

191 3283 293 3360 Atque
315 3282 389 3342 haec
412 3283 532 3360 quidem
561 3283 639 3342 ratio
665 3284 830 3359 praemissa
853 3281 960 3340 vocula
986 3296 1047 3340 nnn
1075 3281 1296 3357 quodammodo

190 3381 380 3460 indigitetur,
398 3403 475 3461 quae
490 3384 656 3460 promissos
673 3382 745 3442 olim
760 3382 880 3443 nuntios
897 3381 1003 3440 adesse
1016 3381 1101 3458 quasi
1114 3382 1296 3458 inpromptu

192 3484 332 3545 ostendit.
374 3486 418 3543 At
439 3504 510 3546 vero
527 3483 721 3558 Hrrzrorns',
748 3491 943 3560 posteaquam
960 3479 1124 3542 Huurros³
1145 3482 1296 3558 quondam

192 3584 354 3659 dubitarit,
384 3593 483 3646 utrum
509 3595 645 3646 nostrum
675 3605 713 3644 an
734 3583 849 3644 iconiae
876 3581 1047 3643 vaticinium
1072 3580 1156 3658 prius
1186 3581 1296 3640 editum

193 3691 289 3757 esset,
306 3684 374 3743 ideo
392 3687 567 3762 praesertim
578 3685 722 3759 Iesaiam,
740 3685 788 3746 vel
805 3684 905 3762 potins
921 3682 1056 3744 fictitiam
1067 3681 1151 3742 illam
1163 3682 1297 3742 Pseudo·

192 3782 307 3843 Iesaiss
328 3787 456 3860 speciem
478 3788 614 3850 hausisse
630 3807 647 3848 e
663 3786 804 3847 Nahumo
829 3786 886 3846 sibi
909 3783 1072 3862 persuasit,
1096 3783 1167 3862 quia
1192 3803 1298 3861 parum

244 4059 270 4122 1)
287 4059 394 4110 Kourna
416 4061 538 4110 Ieremias
560 4061 587 4111 ll.
610 4075 645 4111 ss.
671 4061 797 4126 interpres
824 4068 901 4128 atque
924 4059 1019 4110 vindex
1045 4060 1166 4126 pag.140
1179 4073 1227 4120 as.;
1252 4057 1297 4108 cir.

193 4144 434 4209 mensurnam.

245 4229 271 4291 2>
287 4231 386 4282 Ocnum.
404 4230 432 4279 in
449 4229 500 4278 les.
517 4243 543 4292 p.
554 4228 613 4278 4⁷1.

244 4315 271 4376 3)
287 4315 435 4368 Demonstr.
453 4313 551 4378 Evang.
569 4313 677 4378 Propon.
690 4312 739 4375 IV,
756 4327 780 4377 p.
790 4312 849 4364 303.
