<?xml version="1.0" encoding="UTF-8"?>
<!DOCTYPE html PUBLIC "-//W3C//DTD XHTML 1.0 Transitional//EN"
    "http://www.w3.org/TR/xhtml1/DTD/xhtml1-transitional.dtd">
<html xmlns="http://www.w3.org/1999/xhtml" xml:lang="en" lang="en">
 <head>
  <title>
</title>
<meta http-equiv="Content-Type" content="text/html;charset=utf-8" />
  <meta name='ocr-system' content='tesseract 3.04.00' />
  <meta name='ocr-capabilities' content='ocr_page ocr_carea ocr_par ocr_line ocrx_word'/>
</head>
<body>
  <div class='ocr_page' id='page_1' title='image "./nahumideninovat03stragoog/nahumideninovat03stragoog_0106.png"; bbox 0 0 3126 5000; ppageno 0'>
   <div class='ocr_carea' id='block_1_1' title="bbox 253 295 929 373">
    <p class='ocr_par' dir='ltr' id='par_1_1' title="bbox 253 295 929 373">
     <span class='ocr_line' id='line_1_1' title="bbox 253 295 929 373; baseline -0.012 -8"><span class='ocrx_word' id='word_1_1' title='bbox 253 295 296 365; x_wconf 82' lang='grc'><strong>16</strong></span> <span class='ocrx_word' id='word_1_2' title='bbox 671 300 744 360; x_wconf 72' lang='lat' dir='ltr'><strong>Car.</strong></span> <span class='ocrx_word' id='word_1_3' title='bbox 758 301 788 373; x_wconf 88' lang='grc' dir='ltr'><strong>Ι,</strong></span> <span class='ocrx_word' id='word_1_4' title='bbox 807 305 929 360; x_wconf 79' lang='grc' dir='ltr'>ν.2-6.</span> 
     </span>
    </p>
   </div>
   <div class='ocr_carea' id='block_1_2' title="bbox 248 484 1358 1064">
    <p class='ocr_par' dir='ltr' id='par_1_2' title="bbox 248 484 1358 1064">
     <span class='ocr_line' id='line_1_2' title="bbox 249 484 1356 563; baseline 0.002 -19"><span class='ocrx_word' id='word_1_5' title='bbox 249 485 424 562; x_wconf 87' lang='lat' dir='ltr'><strong>pretatioui,</strong></span> <span class='ocrx_word' id='word_1_6' title='bbox 448 485 501 544; x_wconf 83' lang='lat' dir='ltr'><strong>aed</strong></span> <span class='ocrx_word' id='word_1_7' title='bbox 518 484 685 563; x_wconf 73' lang='lat' dir='ltr'>theologiae</span> <span class='ocrx_word' id='word_1_8' title='bbox 701 485 893 562; x_wconf 72' lang='lat' dir='ltr'><strong>propheticae</strong></span> <span class='ocrx_word' id='word_1_9' title='bbox 910 484 1109 562; x_wconf 74' lang='lat' dir='ltr'><strong>quaerentium</strong></span> <span class='ocrx_word' id='word_1_10' title='bbox 1127 493 1218 562; x_wconf 85' lang='lat' dir='ltr'><strong>atque</strong></span> <span class='ocrx_word' id='word_1_11' title='bbox 1234 486 1356 546; x_wconf 83' lang='lat' dir='ltr'><strong>iuvesti-</strong></span> 
     </span>
     <span class='ocr_line' id='line_1_3' title="bbox 250 585 1356 664; baseline 0 -20"><span class='ocrx_word' id='word_1_12' title='bbox 250 586 381 662; x_wconf 83' lang='lat' dir='ltr'><strong>gaudum</strong></span> <span class='ocrx_word' id='word_1_13' title='bbox 404 596 465 657; x_wconf 88' lang='lat' dir='ltr'><strong>est;</strong></span> <span class='ocrx_word' id='word_1_14' title='bbox 488 604 548 664; x_wconf 92' lang='lat' dir='ltr'><strong>quo</strong></span> <span class='ocrx_word' id='word_1_15' title='bbox 570 586 602 643; x_wconf 89' lang='lat' dir='ltr'><strong>in</strong></span> <span class='ocrx_word' id='word_1_16' title='bbox 623 603 731 664; x_wconf 80' lang='lat' dir='ltr'>genere</span> <span class='ocrx_word' id='word_1_17' title='bbox 754 604 815 644; x_wconf 90' lang='lat' dir='ltr'><strong>non</strong></span> <span class='ocrx_word' id='word_1_18' title='bbox 837 585 976 645; x_wconf 84' lang='lat' dir='ltr'><strong>universa</strong></span> <span class='ocrx_word' id='word_1_19' title='bbox 998 585 1095 644; x_wconf 90' lang='lat' dir='ltr'><strong>solum</strong></span> <span class='ocrx_word' id='word_1_20' title='bbox 1118 586 1265 645; x_wconf 87' lang='lat' dir='ltr'><strong>visionum</strong></span> <span class='ocrx_word' id='word_1_21' title='bbox 1288 606 1356 663; x_wconf 85' lang='lat' dir='ltr'><strong>per-</strong></span> 
     </span>
     <span class='ocr_line' id='line_1_4' title="bbox 250 659 1356 763; baseline 0 -17"><span class='ocrx_word' id='word_1_22' title='bbox 250 687 412 746; x_wconf 77' lang='lat' dir='ltr'><strong>scrutanda</strong></span> <span class='ocrx_word' id='word_1_23' title='bbox 428 696 535 746; x_wconf 87' lang='lat' dir='ltr'><strong>natura</strong></span> <span class='ocrx_word' id='word_1_24' title='bbox 551 696 611 759; x_wconf 89' lang='lat' dir='ltr'><strong>est,</strong></span> <span class='ocrx_word' id='word_1_25' title='bbox 629 687 681 746; x_wconf 86' lang='lat' dir='ltr'><strong>aod</strong></span> <span class='ocrx_word' id='word_1_26' title='bbox 698 704 800 744; x_wconf 84' lang='lat' dir='ltr'><strong>omnes</strong></span> <span class='ocrx_word' id='word_1_27' title='bbox 817 686 938 744; x_wconf 91' lang='lat' dir='ltr'><strong>omnino</strong></span> <span class='ocrx_word' id='word_1_28' title='bbox 956 659 993 744; x_wconf 75' lang='lat' dir='ltr'><strong>i.</strong></span> <span class='ocrx_word' id='word_1_29' title='bbox 1006 685 1073 758; x_wconf 81' lang='lat' dir='ltr'><strong>Ti,</strong></span> <span class='ocrx_word' id='word_1_30' title='bbox 1097 687 1149 763; x_wconf 93' lang='lat' dir='ltr'><strong>qui</strong></span> <span class='ocrx_word' id='word_1_31' title='bbox 1165 687 1222 745; x_wconf 87' lang='lat' dir='ltr'><strong>huo</strong></span> <span class='ocrx_word' id='word_1_32' title='bbox 1238 688 1356 760; x_wconf 83' lang='lat' dir='ltr'><strong>cadant,</strong></span> 
     </span>
     <span class='ocr_line' id='line_1_5' title="bbox 248 786 1356 864; baseline 0.003 -20"><span class='ocrx_word' id='word_1_33' title='bbox 248 787 307 846; x_wconf 90' lang='lat' dir='ltr'><strong>looi</strong></span> <span class='ocrx_word' id='word_1_34' title='bbox 337 796 474 846; x_wconf 86' lang='lat' dir='ltr'><strong>aoourate</strong></span> <span class='ocrx_word' id='word_1_35' title='bbox 504 786 694 846; x_wconf 85' lang='lat' dir='ltr'><strong>examinandi</strong></span> <span class='ocrx_word' id='word_1_36' title='bbox 716 798 807 864; x_wconf 87' lang='lat' dir='ltr'><strong>atque</strong></span> <span class='ocrx_word' id='word_1_37' title='bbox 835 787 912 844; x_wconf 89' lang='lat' dir='ltr'><strong>inter</strong></span> <span class='ocrx_word' id='word_1_38' title='bbox 941 805 974 845; x_wconf 89' lang='lat' dir='ltr'><strong>se</strong></span> <span class='ocrx_word' id='word_1_39' title='bbox 997 787 1194 846; x_wconf 79' lang='lat' dir='ltr'><strong>contendendi</strong></span> <span class='ocrx_word' id='word_1_40' title='bbox 1218 798 1296 847; x_wconf 87' lang='lat' dir='ltr'><strong>sunt.</strong></span> <span class='ocrx_word' id='word_1_41' title='bbox 1319 821 1356 830; x_wconf 93' lang='lat'><em>-</em></span> 
     </span>
     <span class='ocr_line' id='line_1_6' title="bbox 250 887 1358 964; baseline 0.001 -18"><span class='ocrx_word' id='word_1_42' title='bbox 250 887 367 962; x_wconf 83' lang='lat' dir='ltr'><strong>Quibus</strong></span> <span class='ocrx_word' id='word_1_43' title='bbox 383 897 525 964; x_wconf 89' lang='lat' dir='ltr'><strong>qnantum</strong></span> <span class='ocrx_word' id='word_1_44' title='bbox 547 887 612 944; x_wconf 85' lang='lat' dir='ltr'><strong>fieri</strong></span> <span class='ocrx_word' id='word_1_45' title='bbox 628 887 740 964; x_wconf 89' lang='lat' dir='ltr'><strong>potuit,</strong></span> <span class='ocrx_word' id='word_1_46' title='bbox 764 887 894 944; x_wconf 82' lang='lat' dir='ltr'><strong>breviter</strong></span> <span class='ocrx_word' id='word_1_47' title='bbox 916 887 1097 962; x_wconf 72' lang='lat' dir='ltr'><strong>indigitatio,</strong></span> <span class='ocrx_word' id='word_1_48' title='bbox 1122 888 1162 946; x_wconf 85' lang='lat' dir='ltr'><strong>ad</strong></span> <span class='ocrx_word' id='word_1_49' title='bbox 1182 888 1358 964; x_wconf 75' lang='lat' dir='ltr'><strong>iuterpreta-</strong></span> 
     </span>
     <span class='ocr_line' id='line_1_7' title="bbox 249 987 658 1064; baseline 0.005 -19"><span class='ocrx_word' id='word_1_50' title='bbox 249 987 361 1046; x_wconf 85' lang='lat' dir='ltr'><strong>tionem</strong></span> <span class='ocrx_word' id='word_1_51' title='bbox 377 989 474 1064; x_wconf 91' lang='lat' dir='ltr'><strong>ipsam</strong></span> <span class='ocrx_word' id='word_1_52' title='bbox 491 1005 658 1064; x_wconf 84' lang='lat' dir='ltr'><strong>pergamus.</strong></span> 
     </span>
    </p>
   </div>
   <div class='ocr_carea' id='block_1_3' title="bbox 752 1239 849 1297">
    <p class='ocr_par' dir='ltr' id='par_1_3' title="bbox 752 1239 849 1297">
     <span class='ocr_line' id='line_1_8' title="bbox 752 1239 849 1297; baseline 0 -1"><span class='ocrx_word' id='word_1_53' title='bbox 752 1259 780 1297; x_wconf 86' lang='lat' dir='ltr'><strong>v.</strong></span> <span class='ocrx_word' id='word_1_54' title='bbox 798 1239 849 1296; x_wconf 88' lang='lat' dir='ltr'><strong>3b.</strong></span> 
     </span>
    </p>
   </div>
   <div class='ocr_carea' id='block_1_4' title="bbox 252 1389 1365 4082">
    <p class='ocr_par' dir='ltr' id='par_1_4' title="bbox 252 1389 1365 4082">
     <span class='ocr_line' id='line_1_9' title="bbox 305 1389 1358 1467; baseline -0.001 -16"><span class='ocrx_word' id='word_1_55' title='bbox 305 1394 446 1451; x_wconf 69' lang='lat' dir='ltr'><strong>Dominio</strong></span> <span class='ocrx_word' id='word_1_56' title='bbox 463 1423 499 1434; x_wconf 86' lang='lat'><strong>-</strong></span> <span class='ocrx_word' id='word_1_57' title='bbox 516 1393 547 1446; x_wconf 75' lang='lat' dir='ltr'><strong>in</strong></span> <span class='ocrx_word' id='word_1_58' title='bbox 563 1390 672 1449; x_wconf 80' lang='lat' dir='ltr'><strong>turbiue</strong></span> <span class='ocrx_word' id='word_1_59' title='bbox 694 1401 722 1449; x_wconf 80' lang='lat' dir='ltr'><strong>at</strong></span> <span class='ocrx_word' id='word_1_60' title='bbox 738 1391 868 1466; x_wconf 80' lang='lat' dir='ltr'><strong>procella</strong></span> <span class='ocrx_word' id='word_1_61' title='bbox 882 1392 932 1447; x_wconf 73' lang='lat' dir='ltr'><strong>via</strong></span> <span class='ocrx_word' id='word_1_62' title='bbox 954 1393 1026 1459; x_wconf 75' lang='lat' dir='ltr'><strong>aiter,</strong></span> <span class='ocrx_word' id='word_1_63' title='bbox 1049 1399 1077 1448; x_wconf 80' lang='lat' dir='ltr'><strong>et</strong></span> <span class='ocrx_word' id='word_1_64' title='bbox 1091 1389 1176 1448; x_wconf 76' lang='lat' dir='ltr'><strong>mtbes</strong></span> <span class='ocrx_word' id='word_1_65' title='bbox 1192 1391 1289 1465; x_wconf 77' lang='lat' dir='ltr'><strong>pulvis</strong></span> <span class='ocrx_word' id='word_1_66' title='bbox 1306 1409 1358 1467; x_wconf 80' lang='lat' dir='ltr'><strong>pe·</strong></span> 
     </span>
     <span class='ocr_line' id='line_1_10' title="bbox 252 1490 1361 1568; baseline -0.002 -15"><span class='ocrx_word' id='word_1_67' title='bbox 252 1495 319 1553; x_wconf 67' lang='lat' dir='ltr'><strong>mam</strong></span> <span class='ocrx_word' id='word_1_68' title='bbox 335 1497 402 1552; x_wconf 73' lang='lat' dir='ltr'><strong>eim.</strong></span> <span class='ocrx_word' id='word_1_69' title='bbox 430 1505 524 1564; x_wconf 70' lang='lat' dir='ltr'><strong>nmo,</strong></span> <span class='ocrx_word' id='word_1_70' title='bbox 541 1510 569 1550; x_wconf 88' lang='lat' dir='ltr'><strong>a.</strong></span> <span class='ocrx_word' id='word_1_71' title='bbox 587 1510 612 1549; x_wconf 88' lang='lat' dir='ltr'><strong>r.</strong></span> <span class='ocrx_word' id='word_1_72' title='bbox 630 1505 685 1566; x_wconf 67' lang='lat' dir='ltr'><strong>nio</strong></span> <span class='ocrx_word' id='word_1_73' title='bbox 701 1509 821 1568; x_wconf 87' lang='lat' dir='ltr'><strong>rapere,</strong></span> <span class='ocrx_word' id='word_1_74' title='bbox 839 1490 971 1564; x_wconf 79' lang='lat' dir='ltr'><strong>auterre,</strong></span> <span class='ocrx_word' id='word_1_75' title='bbox 989 1490 1135 1549; x_wconf 85' lang='lat' dir='ltr'><strong>turbinem</strong></span> <span class='ocrx_word' id='word_1_76' title='bbox 1149 1491 1249 1550; x_wconf 88' lang='lat' dir='ltr'><strong>omnia</strong></span> <span class='ocrx_word' id='word_1_77' title='bbox 1261 1509 1361 1551; x_wconf 82' lang='lat' dir='ltr'><strong>seeum</strong></span> 
     </span>
     <span class='ocr_line' id='line_1_11' title="bbox 253 1584 1359 1674; baseline -0.002 -22"><span class='ocrx_word' id='word_1_78' title='bbox 253 1595 417 1672; x_wconf 75' lang='lat' dir='ltr'><strong>rapientem</strong></span> <span class='ocrx_word' id='word_1_79' title='bbox 446 1591 602 1669; x_wconf 78' lang='lat' dir='ltr'><strong>signifieat.</strong></span> <span class='ocrx_word' id='word_1_80' title='bbox 645 1590 736 1650; x_wconf 88' lang='lat' dir='ltr'><strong>LXX</strong></span> <span class='ocrx_word' id='word_1_81' title='bbox 761 1591 856 1651; x_wconf 83' lang='lat' dir='ltr'><strong>Arab.</strong></span> <span class='ocrx_word' id='word_1_82' title='bbox 887 1584 922 1650; x_wconf 75' lang='grc' dir='ltr'><strong>ἐν</strong></span> <span class='ocrx_word' id='word_1_83' title='bbox 948 1584 1135 1674; x_wconf 75' lang='grc' dir='ltr'><strong><em>συντελείᾳ,</em></strong></span> <span class='ocrx_word' id='word_1_84' title='bbox 1169 1591 1201 1648; x_wconf 92' lang='lat' dir='ltr'><strong>in</strong></span> <span class='ocrx_word' id='word_1_85' title='bbox 1231 1592 1359 1664; x_wconf 82' lang='lat' dir='ltr'><strong>excidio,</strong></span> 
     </span>
     <span class='ocr_line' id='line_1_12' title="bbox 254 1689 1360 1774; baseline -0.004 -20"><span class='ocrx_word' id='word_1_86' title='bbox 254 1695 355 1754; x_wconf 85' lang='lat' dir='ltr'><strong>nescio</strong></span> <span class='ocrx_word' id='word_1_87' title='bbox 372 1714 411 1754; x_wconf 88' lang='lat' dir='ltr'><strong>an</strong></span> <span class='ocrx_word' id='word_1_88' title='bbox 432 1695 490 1770; x_wconf 68' lang='lat' dir='ltr'><strong>nio</strong></span> <span class='ocrx_word' id='word_1_89' title='bbox 514 1691 640 1768; x_wconf 82' lang='lat' dir='ltr'><strong>legerint</strong></span> <span class='ocrx_word' id='word_1_90' title='bbox 654 1711 711 1768; x_wconf 92' lang='lat' dir='ltr'><strong>pro</strong></span> <span class='ocrx_word' id='word_1_91' title='bbox 727 1704 910 1774; x_wconf 52' lang='lat' dir='ltr'><strong>raama-pp,</strong></span> <span class='ocrx_word' id='word_1_92' title='bbox 953 1689 1109 1752; x_wconf 63' lang='lat' dir='ltr'><strong>rtnnhtlob</strong></span> <span class='ocrx_word' id='word_1_93' title='bbox 1121 1691 1186 1765; x_wconf 87' lang='lat' dir='ltr'>IX,</span> <span class='ocrx_word' id='word_1_94' title='bbox 1206 1695 1255 1764; x_wconf 85' lang='grc'>17,</span> <span class='ocrx_word' id='word_1_95' title='bbox 1287 1707 1360 1754; x_wconf 67' lang='lat' dir='ltr'><strong>nrm</strong></span> 
     </span>
     <span class='ocr_line' id='line_1_13' title="bbox 254 1791 1360 1881; baseline 0 -28"><span class='ocrx_word' id='word_1_96' title='bbox 254 1797 312 1855; x_wconf 83' lang='lat' dir='ltr'><strong>les.</strong></span> <span class='ocrx_word' id='word_1_97' title='bbox 326 1793 474 1865; x_wconf 86' lang='lat' dir='ltr'>XXVIII,</span> <span class='ocrx_word' id='word_1_98' title='bbox 492 1796 519 1864; x_wconf 82' lang='lat'><strong>2,</strong></span> <span class='ocrx_word' id='word_1_99' title='bbox 536 1792 604 1850; x_wconf 84' lang='lat' dir='ltr'><strong>aliia</strong></span> <span class='ocrx_word' id='word_1_100' title='bbox 619 1792 682 1850; x_wconf 83' lang='lat' dir='ltr'><strong>fere</strong></span> <span class='ocrx_word' id='word_1_101' title='bbox 698 1791 772 1850; x_wconf 86' lang='lat' dir='ltr'><strong>loeis</strong></span> <span class='ocrx_word' id='word_1_102' title='bbox 793 1805 855 1854; x_wconf 64' lang='lat' dir='ltr'><strong>utto</strong></span> <span class='ocrx_word' id='word_1_103' title='bbox 877 1794 946 1850; x_wconf 81' lang='lat' dir='ltr'><strong>Am.</strong></span> <span class='ocrx_word' id='word_1_104' title='bbox 959 1791 985 1862; x_wconf 93' lang='lat'><strong>1,</strong></span> <span class='ocrx_word' id='word_1_105' title='bbox 1004 1795 1046 1863; x_wconf 88' lang='lat'><strong>14,</strong></span> <span class='ocrx_word' id='word_1_106' title='bbox 1065 1805 1152 1881; x_wconf 54' lang='grc' dir='ltr'><strong>,ψῃ</strong></span> <span class='ocrx_word' id='word_1_107' title='bbox 1172 1793 1229 1852; x_wconf 87' lang='lat' dir='ltr'><strong>lea.</strong></span> <span class='ocrx_word' id='word_1_108' title='bbox 1239 1791 1360 1866; x_wconf 85' lang='lat' dir='ltr'>XXIX,</span> 
     </span>
     <span class='ocr_line' id='line_1_14' title="bbox 254 1873 1362 1984; baseline -0.003 -29"><span class='ocrx_word' id='word_1_109' title='bbox 254 1901 288 1970; x_wconf 83' lang='grc'>6,</span> <span class='ocrx_word' id='word_1_110' title='bbox 307 1911 394 1984; x_wconf 64' lang='lat'><strong>:12:39</strong></span> <span class='ocrx_word' id='word_1_111' title='bbox 415 1892 521 1969; x_wconf 70' lang='lat' dir='ltr'><strong>atteg.</strong></span> <span class='ocrx_word' id='word_1_112' title='bbox 533 1892 580 1964; x_wconf 91' lang='grc' dir='ltr'>Π,</span> <span class='ocrx_word' id='word_1_113' title='bbox 599 1897 630 1965; x_wconf 95' lang='lat' dir='ltr'><strong>l,</strong></span> <span class='ocrx_word' id='word_1_114' title='bbox 647 1891 781 1970; x_wconf 79' lang='lat' dir='ltr'><strong>procella</strong></span> <span class='ocrx_word' id='word_1_115' title='bbox 796 1900 858 1963; x_wconf 70' lang='lat' dir='ltr'><strong>eat,</strong></span> <span class='ocrx_word' id='word_1_116' title='bbox 882 1891 971 1949; x_wconf 85' lang='lat' dir='ltr'><strong>LXX</strong></span> <span class='ocrx_word' id='word_1_117' title='bbox 988 1890 1086 1950; x_wconf 86' lang='lat' dir='ltr'><strong>minua</strong></span> <span class='ocrx_word' id='word_1_118' title='bbox 1101 1873 1209 1951; x_wconf 79' lang='lat' dir='ltr'><strong>iterum</strong></span> <span class='ocrx_word' id='word_1_119' title='bbox 1225 1899 1362 1952; x_wconf 80' lang='lat' dir='ltr'><strong>aoourato</strong></span> 
     </span>
     <span class='ocr_line' id='line_1_15' title="bbox 255 1975 1361 2074; baseline -0.002 -19"><span class='ocrx_word' id='word_1_120' title='bbox 255 1988 292 2055; x_wconf 80' lang='grc' dir='ltr'><strong>ἐν</strong></span> <span class='ocrx_word' id='word_1_121' title='bbox 313 1975 505 2073; x_wconf 73' lang='grc' dir='ltr'><em>συσὰεἰσμῳ</em></span> <span class='ocrx_word' id='word_1_122' title='bbox 529 1992 598 2067; x_wconf 86' lang='lat' dir='ltr'><strong>(vel</strong></span> <span class='ocrx_word' id='word_1_123' title='bbox 620 1983 747 2074; x_wconf 80' lang='grc' dir='ltr'><strong><em>σείσμῳ</em></strong></span> <span class='ocrx_word' id='word_1_124' title='bbox 776 1991 851 2052; x_wconf 85' lang='lat' dir='ltr'><strong>God.</strong></span> <span class='ocrx_word' id='word_1_125' title='bbox 869 1992 996 2070; x_wconf 60' lang='lat' dir='ltr'><strong>Alex),</strong></span> <span class='ocrx_word' id='word_1_126' title='bbox 1024 1999 1167 2068; x_wconf 86' lang='lat' dir='ltr'><strong>aequente</strong></span> <span class='ocrx_word' id='word_1_127' title='bbox 1188 1995 1300 2068; x_wconf 83' lang='lat' dir='ltr'><strong>Arab,</strong></span> <span class='ocrx_word' id='word_1_128' title='bbox 1329 1993 1361 2052; x_wconf 92' lang='lat' dir='ltr'><strong>iu</strong></span> 
     </span>
     <span class='ocr_line' id='line_1_16' title="bbox 257 2091 1362 2169; baseline -0.001 -15"><span class='ocrx_word' id='word_1_129' title='bbox 257 2105 355 2154; x_wconf 88' lang='lat' dir='ltr'><strong>terrae</strong></span> <span class='ocrx_word' id='word_1_130' title='bbox 375 2104 467 2152; x_wconf 91' lang='lat' dir='ltr'><strong>motu.</strong></span> <span class='ocrx_word' id='word_1_131' title='bbox 509 2092 644 2169; x_wconf 88' lang='lat' dir='ltr'><strong>Utraque</strong></span> <span class='ocrx_word' id='word_1_132' title='bbox 670 2111 733 2150; x_wconf 86' lang='lat' dir='ltr'><strong>vox</strong></span> <span class='ocrx_word' id='word_1_133' title='bbox 758 2092 801 2152; x_wconf 86' lang='lat' dir='ltr'><strong>sio</strong></span> <span class='ocrx_word' id='word_1_134' title='bbox 829 2092 938 2168; x_wconf 86' lang='lat' dir='ltr'><strong>legitur</strong></span> <span class='ocrx_word' id='word_1_135' title='bbox 959 2091 1209 2167; x_wconf 73' lang='lat' dir='ltr'><strong>Panxxxm,</strong></span> <span class='ocrx_word' id='word_1_136' title='bbox 1228 2099 1276 2167; x_wconf 84' lang='grc'>16,</span> <span class='ocrx_word' id='word_1_137' title='bbox 1302 2094 1362 2154; x_wconf 83' lang='lat' dir='ltr'><strong>Ias.</strong></span> 
     </span>
     <span class='ocr_line' id='line_1_17' title="bbox 256 2191 1363 2270; baseline -0.001 -17"><span class='ocrx_word' id='word_1_138' title='bbox 256 2194 385 2267; x_wconf 85' lang='lat' dir='ltr'>XXIX,</span> <span class='ocrx_word' id='word_1_139' title='bbox 408 2199 434 2252; x_wconf 67' lang='lat' dir='ltr'><strong>ta</strong></span> <span class='ocrx_word' id='word_1_140' title='bbox 486 2209 559 2259; x_wconf 63' lang='lat' dir='ltr'><strong>aaut</strong></span> <span class='ocrx_word' id='word_1_141' title='bbox 587 2191 679 2250; x_wconf 78' lang='lat' dir='ltr'><strong>Hm.</strong></span> <span class='ocrx_word' id='word_1_142' title='bbox 701 2192 765 2251; x_wconf 82' lang='lat' dir='ltr'><strong>sein</strong></span> <span class='ocrx_word' id='word_1_143' title='bbox 787 2193 1002 2270; x_wconf 85' lang='lat' dir='ltr'><strong>Wegmuohen,</strong></span> <span class='ocrx_word' id='word_1_144' title='bbox 1024 2192 1078 2250; x_wconf 85' lang='lat' dir='ltr'><strong>ini.</strong></span> <span class='ocrx_word' id='word_1_145' title='bbox 1100 2193 1165 2267; x_wconf 80' lang='lat' dir='ltr'><strong>Pi,</strong></span> <span class='ocrx_word' id='word_1_146' title='bbox 1192 2201 1226 2253; x_wconf 87' lang='lat' dir='ltr'><strong>at</strong></span> <span class='ocrx_word' id='word_1_147' title='bbox 1250 2195 1363 2256; x_wconf 89' lang='lat' dir='ltr'><strong>nullum</strong></span> 
     </span>
     <span class='ocr_line' id='line_1_18' title="bbox 252 2292 1364 2372; baseline 0.002 -20"><span class='ocrx_word' id='word_1_148' title='bbox 252 2296 344 2355; x_wconf 90' lang='lat' dir='ltr'><strong>huius</strong></span> <span class='ocrx_word' id='word_1_149' title='bbox 368 2294 449 2354; x_wconf 82' lang='lat' dir='ltr'><strong>verbi</strong></span> <span class='ocrx_word' id='word_1_150' title='bbox 470 2295 503 2352; x_wconf 93' lang='lat' dir='ltr'><strong>in</strong></span> <span class='ocrx_word' id='word_1_151' title='bbox 520 2292 596 2352; x_wconf 84' lang='lat' dir='ltr'><strong>coni.</strong></span> <span class='ocrx_word' id='word_1_152' title='bbox 614 2292 680 2350; x_wconf 86' lang='lat' dir='ltr'><strong>Piel</strong></span> <span class='ocrx_word' id='word_1_153' title='bbox 703 2293 805 2352; x_wconf 82' lang='lat' dir='ltr'><strong>usitati</strong></span> <span class='ocrx_word' id='word_1_154' title='bbox 821 2301 907 2352; x_wconf 85' lang='lat' dir='ltr'><strong>extat</strong></span> <span class='ocrx_word' id='word_1_155' title='bbox 923 2293 1106 2369; x_wconf 72' lang='lat' dir='ltr'><strong>exemplum</strong></span> <span class='ocrx_word' id='word_1_156' title='bbox 1131 2294 1211 2354; x_wconf 87' lang='lat' dir='ltr'><strong>viam</strong></span> <span class='ocrx_word' id='word_1_157' title='bbox 1233 2315 1290 2372; x_wconf 88' lang='lat' dir='ltr'><strong>pro</strong></span> <span class='ocrx_word' id='word_1_158' title='bbox 1313 2315 1364 2354; x_wconf 90' lang='lat' dir='ltr'><strong>ra·</strong></span> 
     </span>
     <span class='ocr_line' id='line_1_19' title="bbox 255 2393 1361 2470; baseline 0.001 -16"><span class='ocrx_word' id='word_1_159' title='bbox 255 2396 338 2454; x_wconf 87' lang='lat' dir='ltr'><strong>tione</strong></span> <span class='ocrx_word' id='word_1_160' title='bbox 354 2403 385 2454; x_wconf 88' lang='lat' dir='ltr'><strong>et</strong></span> <span class='ocrx_word' id='word_1_161' title='bbox 400 2395 490 2453; x_wconf 87' lang='lat' dir='ltr'><strong>modo</strong></span> <span class='ocrx_word' id='word_1_162' title='bbox 506 2393 615 2470; x_wconf 85' lang='lat' dir='ltr'><strong>agendi</strong></span> <span class='ocrx_word' id='word_1_163' title='bbox 631 2393 741 2451; x_wconf 80' lang='lat' dir='ltr'><strong>dietam</strong></span> <span class='ocrx_word' id='word_1_164' title='bbox 757 2394 975 2470; x_wconf 72' lang='lat' dir='ltr'><strong>metaphorice,</strong></span> <span class='ocrx_word' id='word_1_165' title='bbox 992 2393 1068 2452; x_wconf 87' lang='lat' dir='ltr'><strong>bene</strong></span> <span class='ocrx_word' id='word_1_166' title='bbox 1083 2402 1170 2454; x_wconf 88' lang='lat' dir='ltr'><strong>notat</strong></span> <span class='ocrx_word' id='word_1_167' title='bbox 1185 2395 1361 2455; x_wconf 69' lang='lat' dir='ltr'><strong>Varianus</strong></span> 
     </span>
     <span class='ocr_line' id='line_1_20' title="bbox 254 2492 1364 2572; baseline 0 -16"><span class='ocrx_word' id='word_1_168' title='bbox 254 2494 438 2572; x_wconf 72' lang='lat' dir='ltr'><strong>Saepissime</strong></span> <span class='ocrx_word' id='word_1_169' title='bbox 455 2503 554 2554; x_wconf 86' lang='lat' dir='ltr'><strong>antem</strong></span> <span class='ocrx_word' id='word_1_170' title='bbox 570 2493 628 2552; x_wconf 81' lang='lat' dir='ltr'><strong>hae</strong></span> <span class='ocrx_word' id='word_1_171' title='bbox 645 2493 835 2553; x_wconf 87' lang='lat' dir='ltr'><strong>similitudino</strong></span> <span class='ocrx_word' id='word_1_172' title='bbox 850 2494 1035 2554; x_wconf 86' lang='lat' dir='ltr'><strong>vehementia</strong></span> <span class='ocrx_word' id='word_1_173' title='bbox 1051 2492 1184 2571; x_wconf 82' lang='lat' dir='ltr'><strong>pingitur</strong></span> <span class='ocrx_word' id='word_1_174' title='bbox 1199 2514 1364 2572; x_wconf 84' lang='lat' dir='ltr'><strong>poenarum</strong></span> 
     </span>
     <span class='ocr_line' id='line_1_21' title="bbox 254 2593 1362 2670; baseline 0.001 -16"><span class='ocrx_word' id='word_1_175' title='bbox 254 2606 286 2655; x_wconf 89' lang='lat' dir='ltr'><strong>et</strong></span> <span class='ocrx_word' id='word_1_176' title='bbox 302 2597 520 2669; x_wconf 69' lang='lat' dir='ltr'><strong>calamitatum,</strong></span> <span class='ocrx_word' id='word_1_177' title='bbox 537 2595 591 2654; x_wconf 83' lang='lat' dir='ltr'><strong>cir.</strong></span> <span class='ocrx_word' id='word_1_178' title='bbox 603 2593 659 2652; x_wconf 94' lang='lat' dir='ltr'><strong>Iob</strong></span> <span class='ocrx_word' id='word_1_179' title='bbox 671 2593 734 2667; x_wconf 87' lang='lat' dir='ltr'>IX,</span> <span class='ocrx_word' id='word_1_180' title='bbox 752 2600 802 2667; x_wconf 81' lang='grc'>17,</span> <span class='ocrx_word' id='word_1_181' title='bbox 819 2593 1006 2667; x_wconf 69' lang='lat' dir='ltr'><strong>leauxvl,</strong></span> <span class='ocrx_word' id='word_1_182' title='bbox 1025 2597 1072 2666; x_wconf 80' lang='grc'>15,</span> <span class='ocrx_word' id='word_1_183' title='bbox 1089 2594 1147 2655; x_wconf 90' lang='lat' dir='ltr'><strong>Ier.</strong></span> <span class='ocrx_word' id='word_1_184' title='bbox 1160 2595 1301 2670; x_wconf 89' lang='lat' dir='ltr'>XXXII,</span> <span class='ocrx_word' id='word_1_185' title='bbox 1318 2601 1362 2669; x_wconf 90' lang='grc'>22,</span> 
     </span>
     <span class='ocr_line' id='line_1_22' title="bbox 258 2690 1363 2776; baseline 0.001 -22"><span class='ocrx_word' id='word_1_186' title='bbox 258 2697 382 2770; x_wconf 86' lang='lat' dir='ltr'><strong>XLIX,</strong></span> <span class='ocrx_word' id='word_1_187' title='bbox 397 2701 450 2770; x_wconf 84' lang='grc'>36,</span> <span class='ocrx_word' id='word_1_188' title='bbox 475 2697 529 2756; x_wconf 84' lang='lat' dir='ltr'><strong>liz.</strong></span> <span class='ocrx_word' id='word_1_189' title='bbox 543 2696 573 2767; x_wconf 95' lang='grc' dir='ltr'><strong>Ι,</strong></span> <span class='ocrx_word' id='word_1_190' title='bbox 590 2699 623 2766; x_wconf 78' lang='grc'>4,</span> <span class='ocrx_word' id='word_1_191' title='bbox 645 2694 697 2762; x_wconf 76' lang='lat' dir='ltr'><strong>Rs.</strong></span> <span class='ocrx_word' id='word_1_192' title='bbox 711 2694 752 2768; x_wconf 91' lang='lat' dir='ltr'><strong>L,</strong></span> <span class='ocrx_word' id='word_1_193' title='bbox 769 2699 801 2767; x_wconf 88' lang='grc'>3,</span> <span class='ocrx_word' id='word_1_194' title='bbox 825 2694 1015 2767; x_wconf 79' lang='lat' dir='ltr'>IobIX,17.</span> <span class='ocrx_word' id='word_1_195' title='bbox 1039 2727 1077 2738; x_wconf 92' lang='grc'>-</span> <span class='ocrx_word' id='word_1_196' title='bbox 1106 2690 1186 2760; x_wconf 63' lang='lat' dir='ltr'><strong>pin</strong></span> <span class='ocrx_word' id='word_1_197' title='bbox 1202 2710 1363 2776; x_wconf 65' lang='lat' dir='ltr'><strong>pantani,</strong></span> 
     </span>
     <span class='ocr_line' id='line_1_23' title="bbox 256 2794 1363 2856; baseline 0.001 -2"><span class='ocrx_word' id='word_1_198' title='bbox 256 2805 339 2856; x_wconf 88' lang='lat' dir='ltr'><strong>atraa</strong></span> <span class='ocrx_word' id='word_1_199' title='bbox 355 2797 449 2856; x_wconf 86' lang='lat' dir='ltr'><strong>nubas</strong></span> <span class='ocrx_word' id='word_1_200' title='bbox 466 2797 579 2856; x_wconf 76' lang='lat' dir='ltr'><strong>excitat</strong></span> <span class='ocrx_word' id='word_1_201' title='bbox 593 2794 764 2853; x_wconf 80' lang='lat' dir='ltr'><strong>incedendo.</strong></span> <span class='ocrx_word' id='word_1_202' title='bbox 798 2794 888 2854; x_wconf 86' lang='lat' dir='ltr'><strong>Nube</strong></span> <span class='ocrx_word' id='word_1_203' title='bbox 906 2794 1060 2854; x_wconf 77' lang='lat' dir='ltr'><strong>involutus</strong></span> <span class='ocrx_word' id='word_1_204' title='bbox 1082 2794 1155 2856; x_wconf 85' lang='lat' dir='ltr'><strong>deus</strong></span> <span class='ocrx_word' id='word_1_205' title='bbox 1176 2795 1209 2854; x_wconf 92' lang='lat' dir='ltr'><strong>in</strong></span> <span class='ocrx_word' id='word_1_206' title='bbox 1232 2804 1363 2855; x_wconf 89' lang='lat' dir='ltr'><strong>montem</strong></span> 
     </span>
     <span class='ocr_line' id='line_1_24' title="bbox 258 2895 1363 2974; baseline 0.002 -18"><span class='ocrx_word' id='word_1_207' title='bbox 258 2895 343 2956; x_wconf 87' lang='lat' dir='ltr'><strong>Sinai</strong></span> <span class='ocrx_word' id='word_1_208' title='bbox 372 2896 524 2956; x_wconf 81' lang='lat' dir='ltr'><strong>deseendit</strong></span> <span class='ocrx_word' id='word_1_209' title='bbox 552 2895 652 2953; x_wconf 83' lang='lat' dir='ltr'><strong>Exod.</strong></span> <span class='ocrx_word' id='word_1_210' title='bbox 669 2895 763 2969; x_wconf 86' lang='lat' dir='ltr'><strong>XIX,</strong></span> <span class='ocrx_word' id='word_1_211' title='bbox 793 2901 835 2955; x_wconf 83' lang='lat'><strong>16.</strong></span> <span class='ocrx_word' id='word_1_212' title='bbox 860 2899 907 2968; x_wconf 89' lang='grc'>18,</span> <span class='ocrx_word' id='word_1_213' title='bbox 934 2895 1030 2972; x_wconf 85' lang='lat' dir='ltr'><strong>legem</strong></span> <span class='ocrx_word' id='word_1_214' title='bbox 1058 2895 1260 2974; x_wconf 78' lang='lat' dir='ltr'><strong>promulgavit</strong></span> <span class='ocrx_word' id='word_1_215' title='bbox 1284 2912 1363 2971; x_wconf 66' lang='lat' dir='ltr'><strong>uino</strong></span> 
     </span>
     <span class='ocr_line' id='line_1_25' title="bbox 257 2992 1362 3073; baseline -0.001 -16"><span class='ocrx_word' id='word_1_216' title='bbox 257 2992 375 3058; x_wconf 62' lang='lat' dir='ltr'><strong>bonvm</strong></span> <span class='ocrx_word' id='word_1_217' title='bbox 397 3009 468 3072; x_wconf 69' lang='grc' dir='ltr'>,32η</span> <span class='ocrx_word' id='word_1_218' title='bbox 490 3010 580 3067; x_wconf 67' lang='lat' dir='ltr'><strong>tran,</strong></span> <span class='ocrx_word' id='word_1_219' title='bbox 603 2995 633 3053; x_wconf 91' lang='lat' dir='ltr'><strong>in</strong></span> <span class='ocrx_word' id='word_1_220' title='bbox 657 2997 735 3054; x_wconf 90' lang='lat' dir='ltr'><strong>nube</strong></span> <span class='ocrx_word' id='word_1_221' title='bbox 751 2996 893 3055; x_wconf 81' lang='lat' dir='ltr'><strong>viatorem</strong></span> <span class='ocrx_word' id='word_1_222' title='bbox 915 2995 1051 3072; x_wconf 80' lang='lat' dir='ltr'><strong>praeibat</strong></span> <span class='ocrx_word' id='word_1_223' title='bbox 1066 2996 1171 3073; x_wconf 92' lang='lat' dir='ltr'><strong>populi</strong></span> <span class='ocrx_word' id='word_1_224' title='bbox 1190 2996 1362 3070; x_wconf 82' lang='lat' dir='ltr'><strong>exereitum,</strong></span> 
     </span>
     <span class='ocr_line' id='line_1_26' title="bbox 258 3093 1364 3171; baseline 0.001 -17"><span class='ocrx_word' id='word_1_225' title='bbox 258 3093 414 3154; x_wconf 86' lang='lat' dir='ltr'><strong>habitabat</strong></span> <span class='ocrx_word' id='word_1_226' title='bbox 436 3113 527 3171; x_wconf 87' lang='lat' dir='ltr'><strong>snper</strong></span> <span class='ocrx_word' id='word_1_227' title='bbox 555 3113 626 3154; x_wconf 86' lang='lat' dir='ltr'><strong>aroa</strong></span> <span class='ocrx_word' id='word_1_228' title='bbox 647 3095 792 3169; x_wconf 62' lang='lat' dir='ltr'><strong>foedarim</strong></span> <span class='ocrx_word' id='word_1_229' title='bbox 818 3096 912 3156; x_wconf 84' lang='lat' dir='ltr'><strong>nubea</strong></span> <span class='ocrx_word' id='word_1_230' title='bbox 935 3096 1057 3154; x_wconf 89' lang='lat' dir='ltr'><strong>omuino</strong></span> <span class='ocrx_word' id='word_1_231' title='bbox 1074 3096 1254 3156; x_wconf 88' lang='lat' dir='ltr'><strong>oomitantur</strong></span> <span class='ocrx_word' id='word_1_232' title='bbox 1276 3098 1364 3155; x_wconf 88' lang='lat' dir='ltr'><strong>deum</strong></span> 
     </span>
     <span class='ocr_line' id='line_1_27' title="bbox 257 3195 1362 3270; baseline 0.001 -15"><span class='ocrx_word' id='word_1_233' title='bbox 257 3195 297 3255; x_wconf 78' lang='lat' dir='ltr'><strong>ao</strong></span> <span class='ocrx_word' id='word_1_234' title='bbox 313 3195 453 3254; x_wconf 79' lang='lat' dir='ltr'><strong>iudicium</strong></span> <span class='ocrx_word' id='word_1_235' title='bbox 468 3195 634 3255; x_wconf 86' lang='lat' dir='ltr'><strong>venientem</strong></span> <span class='ocrx_word' id='word_1_236' title='bbox 650 3205 680 3255; x_wconf 89' lang='lat' dir='ltr'><strong>et</strong></span> <span class='ocrx_word' id='word_1_237' title='bbox 695 3197 789 3255; x_wconf 86' lang='lat' dir='ltr'><strong>tilium</strong></span> <span class='ocrx_word' id='word_1_238' title='bbox 805 3198 869 3257; x_wconf 87' lang='lat' dir='ltr'><strong>eiua</strong></span> <span class='ocrx_word' id='word_1_239' title='bbox 885 3196 944 3257; x_wconf 88' lang='lat' dir='ltr'><strong>Ies.</strong></span> <span class='ocrx_word' id='word_1_240' title='bbox 957 3196 1052 3269; x_wconf 88' lang='lat' dir='ltr'>XIX,</span> <span class='ocrx_word' id='word_1_241' title='bbox 1069 3201 1101 3269; x_wconf 90' lang='grc'>2,</span> <span class='ocrx_word' id='word_1_242' title='bbox 1118 3197 1171 3257; x_wconf 85' lang='lat' dir='ltr'><strong>Pa.</strong></span> <span class='ocrx_word' id='word_1_243' title='bbox 1185 3196 1312 3270; x_wconf 80' lang='lat' dir='ltr'>XCVII,</span> <span class='ocrx_word' id='word_1_244' title='bbox 1329 3201 1362 3268; x_wconf 89' lang='grc'>2,</span> 
     </span>
     <span class='ocr_line' id='line_1_28' title="bbox 258 3294 1362 3373; baseline 0 -18"><span class='ocrx_word' id='word_1_245' title='bbox 258 3294 339 3369; x_wconf 79' lang='lat' dir='ltr'>CIV,</span> <span class='ocrx_word' id='word_1_246' title='bbox 357 3299 389 3369; x_wconf 85' lang='grc'>3,</span> <span class='ocrx_word' id='word_1_247' title='bbox 412 3295 491 3355; x_wconf 91' lang='lat' dir='ltr'><strong>Dan.</strong></span> <span class='ocrx_word' id='word_1_248' title='bbox 504 3296 578 3369; x_wconf 89' lang='lat' dir='ltr'><strong>VH,</strong></span> <span class='ocrx_word' id='word_1_249' title='bbox 604 3301 651 3368; x_wconf 86' lang='grc'>14,</span> <span class='ocrx_word' id='word_1_250' title='bbox 673 3297 829 3357; x_wconf 88' lang='lat' dir='ltr'><strong>involvunt</strong></span> <span class='ocrx_word' id='word_1_251' title='bbox 850 3299 944 3358; x_wconf 84' lang='lat' dir='ltr'><strong>nubes</strong></span> <span class='ocrx_word' id='word_1_252' title='bbox 964 3297 1076 3356; x_wconf 84' lang='lat' dir='ltr'><strong>laetum</strong></span> <span class='ocrx_word' id='word_1_253' title='bbox 1099 3297 1172 3358; x_wconf 87' lang='lat' dir='ltr'><strong>solis</strong></span> <span class='ocrx_word' id='word_1_254' title='bbox 1200 3307 1362 3373; x_wconf 79' lang='lat' dir='ltr'><strong>aspertum,</strong></span> 
     </span>
     <span class='ocr_line' id='line_1_29' title="bbox 258 3397 1364 3476; baseline 0.001 -22"><span class='ocrx_word' id='word_1_255' title='bbox 258 3404 289 3454; x_wconf 90' lang='lat' dir='ltr'><strong>et</strong></span> <span class='ocrx_word' id='word_1_256' title='bbox 305 3397 424 3473; x_wconf 82' lang='lat' dir='ltr'><strong>fulgura</strong></span> <span class='ocrx_word' id='word_1_257' title='bbox 438 3397 472 3454; x_wconf 90' lang='lat' dir='ltr'><strong>in</strong></span> <span class='ocrx_word' id='word_1_258' title='bbox 488 3415 521 3455; x_wconf 89' lang='lat' dir='ltr'><strong>ae</strong></span> <span class='ocrx_word' id='word_1_259' title='bbox 542 3397 731 3475; x_wconf 87' lang='lat' dir='ltr'><strong>tonitruaque</strong></span> <span class='ocrx_word' id='word_1_260' title='bbox 755 3409 878 3475; x_wconf 88' lang='lat' dir='ltr'><strong>gerunt,</strong></span> <span class='ocrx_word' id='word_1_261' title='bbox 901 3397 1009 3476; x_wconf 87' lang='lat' dir='ltr'><strong>quibua</strong></span> <span class='ocrx_word' id='word_1_262' title='bbox 1025 3398 1224 3473; x_wconf 85' lang='lat' dir='ltr'><strong>peroellnntur</strong></span> <span class='ocrx_word' id='word_1_263' title='bbox 1239 3397 1364 3456; x_wconf 84' lang='lat' dir='ltr'><strong>malaiioi</strong></span> 
     </span>
     <span class='ocr_line' id='line_1_30' title="bbox 258 3495 1364 3574; baseline 0 -20"><span class='ocrx_word' id='word_1_264' title='bbox 258 3495 311 3555; x_wconf 84' lang='lat' dir='ltr'><strong>Pa.</strong></span> <span class='ocrx_word' id='word_1_265' title='bbox 326 3496 449 3569; x_wconf 87' lang='lat' dir='ltr'>XVIII,</span> <span class='ocrx_word' id='word_1_266' title='bbox 472 3516 500 3558; x_wconf 83' lang='lat' dir='ltr'><strong>v.</strong></span> <span class='ocrx_word' id='word_1_267' title='bbox 516 3501 557 3555; x_wconf 89' lang='lat'><strong>10.</strong></span> <span class='ocrx_word' id='word_1_268' title='bbox 585 3501 616 3554; x_wconf 91' lang='grc'><strong>12</strong></span> <span class='ocrx_word' id='word_1_269' title='bbox 630 3515 687 3569; x_wconf 65' lang='grc' dir='ltr'><strong>σε,</strong></span> <span class='ocrx_word' id='word_1_270' title='bbox 716 3497 938 3558; x_wconf 84' lang='lat' dir='ltr'><strong>similitudinem</strong></span> <span class='ocrx_word' id='word_1_271' title='bbox 960 3514 1032 3574; x_wconf 85' lang='lat' dir='ltr'><strong>ergo</strong></span> <span class='ocrx_word' id='word_1_272' title='bbox 1055 3499 1199 3574; x_wconf 87' lang='lat' dir='ltr'><strong>praebent</strong></span> <span class='ocrx_word' id='word_1_273' title='bbox 1219 3497 1364 3556; x_wconf 90' lang='lat' dir='ltr'><strong>atrooinm</strong></span> 
     </span>
     <span class='ocr_line' id='line_1_31' title="bbox 261 3594 1363 3678; baseline 0.002 -24"><span class='ocrx_word' id='word_1_274' title='bbox 261 3595 384 3654; x_wconf 90' lang='lat' dir='ltr'><strong>Domini</strong></span> <span class='ocrx_word' id='word_1_275' title='bbox 398 3596 576 3656; x_wconf 79' lang='lat' dir='ltr'><strong>indiciorum</strong></span> <span class='ocrx_word' id='word_1_276' title='bbox 590 3597 656 3655; x_wconf 88' lang='lat' dir='ltr'><strong>Ioel</strong></span> <span class='ocrx_word' id='word_1_277' title='bbox 667 3597 713 3670; x_wconf 92' lang='grc' dir='ltr'>ΙΙ,</span> <span class='ocrx_word' id='word_1_278' title='bbox 731 3602 747 3655; x_wconf 94' lang='grc'>2</span> <span class='ocrx_word' id='word_1_279' title='bbox 769 3594 862 3663; x_wconf 64' lang='lat' dir='ltr'><strong>houm</strong></span> <span class='ocrx_word' id='word_1_280' title='bbox 885 3610 935 3674; x_wconf 72' lang='lat' dir='ltr'><strong>pn</strong></span> <span class='ocrx_word' id='word_1_281' title='bbox 954 3611 1019 3678; x_wconf 68' lang='lat' dir='ltr'><strong>nn,</strong></span> <span class='ocrx_word' id='word_1_282' title='bbox 1041 3598 1133 3675; x_wconf 88' lang='lat' dir='ltr'><strong>Zeph.</strong></span> <span class='ocrx_word' id='word_1_283' title='bbox 1147 3599 1172 3672; x_wconf 91' lang='grc' dir='ltr'>Ι,</span> <span class='ocrx_word' id='word_1_284' title='bbox 1192 3601 1239 3671; x_wconf 87' lang='grc'>15,</span> <span class='ocrx_word' id='word_1_285' title='bbox 1255 3598 1363 3658; x_wconf 81' lang='lat' dir='ltr'><strong>Erech.</strong></span> 
     </span>
     <span class='ocr_line' id='line_1_32' title="bbox 260 3695 1365 3775; baseline 0.003 -21"><span class='ocrx_word' id='word_1_286' title='bbox 260 3695 409 3769; x_wconf 90' lang='lat' dir='ltr'>XXXIV,</span> <span class='ocrx_word' id='word_1_287' title='bbox 427 3700 453 3754; x_wconf 89' lang='grc'><strong>2.</strong></span> <span class='ocrx_word' id='word_1_288' title='bbox 480 3696 566 3771; x_wconf 80' lang='lat' dir='ltr'><strong>Quae</strong></span> <span class='ocrx_word' id='word_1_289' title='bbox 582 3716 648 3756; x_wconf 89' lang='lat' dir='ltr'><strong>oum</strong></span> <span class='ocrx_word' id='word_1_290' title='bbox 659 3705 721 3756; x_wconf 86' lang='lat' dir='ltr'><strong>tam</strong></span> <span class='ocrx_word' id='word_1_291' title='bbox 733 3705 838 3774; x_wconf 85' lang='lat' dir='ltr'><strong>aperta</strong></span> <span class='ocrx_word' id='word_1_292' title='bbox 854 3697 894 3757; x_wconf 87' lang='lat' dir='ltr'><strong>sit</strong></span> <span class='ocrx_word' id='word_1_293' title='bbox 909 3698 1047 3775; x_wconf 85' lang='lat' dir='ltr'><strong>imaginis</strong></span> <span class='ocrx_word' id='word_1_294' title='bbox 1064 3699 1158 3772; x_wconf 89' lang='lat' dir='ltr'><strong>ratio,</strong></span> <span class='ocrx_word' id='word_1_295' title='bbox 1177 3699 1259 3758; x_wconf 90' lang='lat' dir='ltr'><strong>nullo</strong></span> <span class='ocrx_word' id='word_1_296' title='bbox 1275 3699 1365 3757; x_wconf 89' lang='lat' dir='ltr'><strong>modo</strong></span> 
     </span>
     <span class='ocr_line' id='line_1_33' title="bbox 259 3796 1364 3878; baseline 0.004 -24"><span class='ocrx_word' id='word_1_297' title='bbox 259 3814 327 3854; x_wconf 84' lang='lat' dir='ltr'><strong>enm</strong></span> <span class='ocrx_word' id='word_1_298' title='bbox 356 3796 544 3856; x_wconf 66' lang='lat' dir='ltr'><strong>Kannmo</strong></span> <span class='ocrx_word' id='word_1_299' title='bbox 574 3797 624 3856; x_wconf 82' lang='lat' dir='ltr'><strong>all.</strong></span> <span class='ocrx_word' id='word_1_300' title='bbox 655 3799 860 3874; x_wconf 88' lang='lat' dir='ltr'><strong>metaphoram</strong></span> <span class='ocrx_word' id='word_1_301' title='bbox 894 3818 914 3858; x_wconf 91' lang='lat' dir='ltr'><strong>a</strong></span> <span class='ocrx_word' id='word_1_302' title='bbox 943 3799 1017 3857; x_wconf 90' lang='lat' dir='ltr'><strong>dnoe</strong></span> <span class='ocrx_word' id='word_1_303' title='bbox 1051 3799 1158 3859; x_wconf 81' lang='lat' dir='ltr'><strong>bellioo</strong></span> <span class='ocrx_word' id='word_1_304' title='bbox 1187 3807 1364 3878; x_wconf 82' lang='lat' dir='ltr'><strong>repetemus,</strong></span> 
     </span>
     <span class='ocr_line' id='line_1_34' title="bbox 260 3895 1365 3978; baseline 0.003 -24"><span class='ocrx_word' id='word_1_305' title='bbox 260 3895 381 3973; x_wconf 89' lang='lat' dir='ltr'><strong>agmina</strong></span> <span class='ocrx_word' id='word_1_306' title='bbox 397 3896 429 3954; x_wconf 90' lang='lat' dir='ltr'><strong>iu</strong></span> <span class='ocrx_word' id='word_1_307' title='bbox 445 3897 538 3956; x_wconf 87' lang='lat' dir='ltr'><strong>aoiem</strong></span> <span class='ocrx_word' id='word_1_308' title='bbox 555 3898 710 3972; x_wconf 80' lang='lat' dir='ltr'><strong>educente,</strong></span> <span class='ocrx_word' id='word_1_309' title='bbox 729 3918 789 3977; x_wconf 91' lang='lat' dir='ltr'><strong>quo</strong></span> <span class='ocrx_word' id='word_1_310' title='bbox 806 3898 929 3978; x_wconf 85' lang='lat' dir='ltr'><strong>iusuper</strong></span> <span class='ocrx_word' id='word_1_311' title='bbox 945 3899 1042 3960; x_wconf 86' lang='lat' dir='ltr'><strong>omnis</strong></span> <span class='ocrx_word' id='word_1_312' title='bbox 1063 3899 1267 3978; x_wconf 87' lang='lat' dir='ltr'><strong>exemplorum</strong></span> <span class='ocrx_word' id='word_1_313' title='bbox 1284 3899 1365 3960; x_wconf 85' lang='lat' dir='ltr'><strong>aimi-</strong></span> 
     </span>
     <span class='ocr_line' id='line_1_35' title="bbox 259 3995 670 4082; baseline 0.01 -30"><span class='ocrx_word' id='word_1_314' title='bbox 259 3995 334 4055; x_wconf 90' lang='lat' dir='ltr'><strong>lium</strong></span> <span class='ocrx_word' id='word_1_315' title='bbox 349 3997 508 4082; x_wconf 82' lang='lat' dir='ltr'><strong>negligitur</strong></span> <span class='ocrx_word' id='word_1_316' title='bbox 521 3997 670 4074; x_wconf 87' lang='lat' dir='ltr'><strong>analogia.</strong></span> 
     </span>
    </p>
   </div>
   <div class='ocr_carea' id='block_1_5' title="bbox 0 0 1580 5000">
    <p class='ocr_par' dir='ltr' id='par_1_5' title="bbox 0 0 1580 5000">
     <span class='ocr_line' id='line_1_36' title="bbox 0 0 1580 5000; baseline 0 0"><span class='ocrx_word' id='word_1_317' title='bbox 0 0 1580 5000; x_wconf 95' lang='lat' dir='ltr'><strong> </strong></span> 
     </span>
    </p>
   </div>
  </div>
 </body>
</html>
