3126 5000
267 291 316 364 24
679 296 751 358 cm.
765 297 796 370 1,
813 313 843 356 v.
857 300 953 355 1,-11.

265 481 378 560 magis,
401 495 468 540 cum
484 479 561 542 dnos
577 479 666 542 etiam
681 480 866 560 psalmorum
881 479 965 540 locos
980 479 1092 540 relatos
1108 480 1166 540 boc
1181 497 1271 540 versu
1286 499 1373 559 repe-

264 583 386 642 riamus.
402 615 439 626 -
468 581 570 640 Verbo
587 597 640 645 1111
657 581 779 640 nimium
795 581 978 655 tribuerunt,
997 579 1049 659 qni
1065 580 1211 655 amando,
1228 581 1370 656 curando,

265 682 374 742 tuendo
397 681 604 755 reddiderunt,
626 681 743 754 Duos,
768 680 950 754 01111111,
969 679 1087 741 Gnsnn.
1109 682 1204 754 thes,
1234 701 1271 740 ca
1293 682 1372 741 enim

265 783 349 843 notio
366 783 449 842 nullo
465 781 617 860 flagitatur
633 781 787 858 exemp103
810 801 917 858 parum
933 781 1023 840 etiam
1038 781 1176 840 viderunt
1192 782 1234 856 ii,
1252 781 1305 859 qui
1321 801 1371 842 so·

265 883 326 942 lam
354 881 550 960 cognoscendi
574 881 634 941 vim
663 881 849 940 retinuerunt
869 881 1008 954 (imm,
1032 881 1131 942 Bm.
1154 880 1226 959 (qui
1249 882 1372 958 insuper

265 991 387 1042 notores
400 989 557 1054 ueterum,
578 977 786 1065 γνωστῆρας,
809 982 840 1040 iu
863 981 1115 1058 comparationem
1130 981 1293 1060 advocat),
1316 1002 1372 1042 uec

265 1101 326 1142 non
343 1082 453 1142 Mrem:
471 1081 578 1156 „novit
592 1089 736 1160 tanquam
753 1080 888 1142 cordium
904 1086 1095 1154 scrutator;“
1111 1101 1182 1140 nam
1197 1083 1268 1142 iicet
1283 1102 1369 1159 prae·

265 1181 345 1242 clare
359 1182 491 1259 disputet
506 1181 662 1242 Hnrcsm.
677 1180 718 1241 ud
734 1181 786 1242 Ps.
797 1183 830 1256 I,
847 1185 882 1255 5,
899 1181 1097 1258 cognitionem
1114 1182 1188 1242 sutis
1203 1202 1285 1256 esse,
1311 1181 1370 1243 nisi

264 1283 343 1342 forte
359 1301 425 1343 cum
442 1302 478 1342 ea
493 1282 624 1343 inclusus
640 1282 672 1341 in
689 1282 772 1342 coelo
790 1283 863 1342 deus
880 1282 920 1342 sit
928 1303 940 1354 ς
956 1301 1035 1360 quac
1046 1282 1153 1355 desint,
1171 1302 1207 1342 ea
1219 1299 1258 1341 ex
1270 1283 1370 1342 indole

265 1382 328 1443 eius
345 1391 376 1442 et
390 1391 498 1442 natura
514 1390 620 1460 sponte
636 1383 794 1461 consequi,
808 1415 845 1428 -
860 1401 922 1441 non
938 1382 1013 1442 tanti
1026 1391 1124 1442 tumen
1136 1383 1266 1442 facerent
1282 1382 1313 1442 11.
1328 1401 1368 1444 ss.

264 1490 368 1542 notum
384 1501 449 1542 esse
465 1482 597 1542 Domino
615 1480 690 1542 Gen.
701 1483 824 1557 XVHI,
842 1486 889 1554 133
906 1483 975 1541 Am.
988 1482 1050 1555 III,
1067 1486 1102 1554 23
1118 1482 1172 1542 Ps.
1185 1482 1322 1556 CXLIV,
1339 1488 1368 1556 3,

203 1633 205 1639 .
264 1590 295 1642 et
310 1583 430 1643 novisse
446 1582 533 1642 deum
549 1583 601 1643 Ps.
615 1582 767 1657 LXXIII,
786 1589 834 1656 ll,
852 1583 909 1644 nisi
925 1583 1015 1643 latius
1031 1581 1134 1660 paullo
1150 1591 1280 1660 pateret:
1306 1584 1368 1641 imo

264 1701 325 1742 non
354 1691 481 1742 mentem
505 1683 602 1743 solum
626 1691 741 1760 spectat
770 1683 817 1744 bic
841 1683 982 1743 noscendi
1006 1701 1095 1754 usus,
1126 1701 1228 1742 vorum
1251 1702 1368 1742 omnem

263 1783 394 1842 animum
405 1791 434 1842 et
443 1783 602 1862 ingenium,
615 1784 701 1843 sicuti
713 1785 787 1844 bene
799 1781 873 1843 vidit
886 1781 1041 1842 Goussnr.
1054 1783 1114 1840 lex.
1127 1801 1158 1860 p.
1171 1787 1237 1842 590:
1256 1802 1369 1860 „saepe

263 1884 401 1962 designat
422 1883 546 1962 aliquod
568 1884 715 1944 amicitiae
737 1884 901 1956 rmculum,
928 1881 1123 1942 cum-scilicet
1144 1883 1291 1942 rationem
1314 1884 1368 1942 ali-

263 1984 346 2044 ouius
362 1984 471 2056 habes,
489 1984 557 2044 aliis
574 1984 688 2044 dicensr
718 1983 818 2043 nescio
835 2000 907 2056 vos,
925 1991 959 2042 111
976 1981 1113 2042 Christus
1128 1981 1279 2060 loquitur,
1298 2001 1370 2042 con·

262 2091 407 2161 notatque
421 2083 517 2156 illius,
542 2102 629 2161 quem
652 2083 745 2142 amice
767 2083 905 2160 respicis,
927 2082 1110 2158 reciprocam
1132 2083 1165 2142 in
1188 2090 1219 2142 te
1240 2103 1378 2160 propen·¹
1482 2097 1485 2100 ·

263 2183 410 2242 sionem.“
443 2183 501 2242 Est
517 2201 588 2260 ergo
605 2183 666 2241 tale
683 2183 772 2260 qnid:
795 2183 1072 2260 agncsoonliquem
1090 2201 1155 2243 osse
1171 2201 1267 2242 meum
1285 2196 1315 2242 et
1331 2185 1371 2244 ad

263 2303 310 2342 me
335 2283 497 2360 pertinere3
528 2283 580 2342 cir.
606 2282 787 2357 Hos.XIII,
812 2288 844 2356 ὃς
875 2283 1078 2356 Am.111‚s;
1109 2282 1369 2358 manvuba,

261 2383 366 2443 ioann.
378 2383 425 2456 Χ,
445 2389 492 2456 14;
516 2383 637 2444 isenim
655 2384 681 2444 si
698 2392 744 2443 est
760 2401 881 2456 sensus,
906 2401 975 2442 vere
993 2383 1065 2442 dicit
1081 2380 1111 2443 S.
1126 2383 1241 2443 Puuluc
1257 2389 1273 2441 2
1287 2383 1367 2443 Tim.

174 2543 179 2550 ,
261 2482 309 2556 Π,
329 2487 376 2557 19,
393 2485 468 2542 bene
484 2501 550 2544 esse
567 2483 604 2542 de
620 2483 745 2562 singuiis
760 2483 928 2546 homiuibus
949 2501 1044 2560 aeque
1061 2501 1097 2542 ac
1112 2483 1151 2542 de
1166 2483 1306 2544 universa
1322 2503 1370 2544 ec·

262 2583 373 2657 011111,
386 2583 438 2642 ubi
453 2585 577 2644 firmiter
592 2585 666 2644 hacc
683 2585 741 2644 dno
760 2593 838 2644 stent
853 2592 996 2662 tanquam
1008 2583 1245 2645 fundamentum:
1262 2584 1369 2656 „norit

261 2683 411 2744 Dominus
428 2700 517 2756 suos,
534 2692 579 2742 ot:
597 2685 717 2744 recedet
734 2686 772 2743 ab
789 2684 959 2762 iniquitate,
979 2683 1031 2760 qni
1047 2682 1169 2742 Domini
1181 2701 1297 2742 nomen
1312 2703 1368 2760 up-
1396 2733 1401 2740 .

260 2783 382 2860 pellat“
400 2815 437 2828 -
461 2783 557 2842 Novit
573 2791 670 2842 antem
688 2785 775 2856 deus,
793 2783 844 2862 qui
862 2784 1013 2844 confidunt
1029 2783 1072 2856 ei,
1089 2803 1185 2862 neque
1199 2801 1272 2842 vero
1291 2784 1367 2862 „qui

260 2883 456 2959 confugerunt
472 2883 511 2941 ad
528 2887 615 2941 eum“
628 2883 749 2959 (Mrem,
766 2884 874 2956 Bnnrn,
892 2881 1063 2961 Hortum),
1085 2883 1137 2943 cfr.
1150 2883 1307 2944 Huncsru.
1326 2885 1366 2944 ad

259 2981 372 3055 Pell,
398 2986 438 3040 12.
487 2981 535 3040 1)1
559 2983 644 3041 statu
661 2992 830 3042 constructo
855 3003 921 3044 cum
943 2984 1164 3060 praepositione
1187 2984 1367 3061 composito,

260 3082 352 3141 veluti
372 3099 412 3158 n:
434 3098 493 3149 11111
521 3082 573 3142 Pe.
585 3083 629 3157 V,
649 3088 695 3156 12,
722 3083 852 3144 diximus
871 3103 962 3161 snpra
978 3085 1017 3142 ud
1035 3104 1061 3143 v.
1075 3087 1100 3142 5.
1139 3084 1244 3144 Refert
1265 3093 1366 3146 autem

258 3184 315 3242 hoc
331 3184 494 3242 membrum
510 3201 613 3244 versus
630 3192 732 3260 aperte
748 3183 800 3243 Ps.
813 3185 846 3257 I,
864 3190 880 3243 6
906 3184 1012 3258 „novit
1029 3184 1108 3246 mam
1132 3183 1317 3257 iustorum,“
1336 3194 1367 3244 et

257 3284 304 3358 11,
324 3289 356 3343 12
382 3283 490 3358 „beati
507 3301 610 3344 omncs
627 3285 679 3361 qui
695 3285 847 3343 confidunt
863 3286 928 3358 ei,“
951 3284 1033 3362 quod
1056 3284 1124 3342 licet
1147 3303 1208 3342 non
1225 3286 1262 3344 dc
1277 3293 1365 3360 patre

258 3385 310 3443 sed
326 3384 363 3443 de
378 3384 441 3442 11110
458 3384 661 3459 praedicetur,
687 3385 756 3444 huic
778 3393 875 3444 tamen
899 3385 937 3444 ob
961 3384 1092 3444 divinam
1116 3392 1146 3442 et
1170 3393 1308 3444 naturam
1332 3392 1365 3444 ct

258 3483 431 3560 dignitatem
446 3484 594 3542 tribuitur.

248 3653 250 3657 Ι
307 3581 444 3642 Ceterum
461 3583 509 3642 hic
526 3603 630 3644 versus
646 3603 707 3643 ncn
725 3585 858 3644 solamen
875 3585 971 3646 solum
988 3586 1079 3646 habet
1095 3605 1203 3664 grave,
1229 3601 1364 3662 praeser-

256 3681 392 3738 timeum
409 3683 514 3758 paucis
531 3684 618 3742 anuis
635 3693 703 3742 ante
719 3684 776 3743 hac
800 3685 977 3744 confidentia
1004 3684 1053 3744 dei
1069 3686 1211 3746 vindicati
1228 3693 1327 3746 ess'ent
1339 3705 1363 3745 a

257 3778 438 3854 Sanheribo,
462 3782 515 3840 sod
538 3801 659 3859 gravem
683 3783 772 3842 etiam
795 3785 1068 3860 commonitionem,
1093 3805 1132 3846 ne
1149 3788 1187 3846 ab
1213 3786 1275 3844 ullo
1296 3786 1362 3844 atio

255 3878 357 3938 Iudaei
373 3879 431 3939 nisi
447 3899 466 3938 a
483 3880 539 3939 deo
557 3901 611 3942 suo
629 3892 782 3958 sperarent
798 3885 922 3944 sulutem
946 3886 979 3943 in
995 3886 1144 3960 praesenti
1162 3883 1362 3946 tribulatione

256 3978 336 4053 Quid
353 3978 437 4038 enim-
447 3980 577 4056 saepius,
595 3983 667 4060 quid
684 3984 814 4044 severius
832 3985 945 4062 populo
959 3986 1146 4060 improbrant
1158 3994 1253 4058 vates,
1272 4005 1362 4065 quum

255 4079 336 4156 quod
352 4079 384 4136 in
402 4081 537 4140 curribus
555 4090 583 4140 11
599 4083 701 4159 equis,
720 4102 815 4160 neque
832 4104 904 4143 vero
921 4085 953 4142 in
969 4083 1101 4144 Domino
1119 4086 1187 4144 viro
1206 4105 1291 4146 susm
1306 4105 1362 4162 po-

254 4187 355 4240 nerent
382 4179 520 4238 fidncicm
543 4190 573 4240 et
594 4202 677 4259 spem
702 4183 807 4242 auxilii
830 4193 935 4244 contra
959 4186 1069 4244 hostes
1113 4185 1236 4245 Nullam
1262 4195 1361 4246 autem

254 4279 301 4340 hic
322 4280 572 4357 praedictionem,
598 4285 650 4343 sed
666 4284 776 4344 nudam
803 4285 849 4344 dei
874 4283 1103 4362 descriptionem
1125 4305 1145 4344 a
1166 4287 1302 4347 bonitate
1332 4293 1362 4346 et
