3122 5002
619 308 690 369 Otr.
707 309 768 383 111,
786 325 814 369 v.
831 316 871 370 11.

641 595 672 651 ὁ.
699 614 727 653 v.
743 597 855 653 11—13.

699 764 727 803 v.
748 749 788 804 11.

242 890 372 949 Tantum
390 891 490 964 abest,
514 899 549 950 ut
570 891 674 950 melior
697 892 733 952 sit
752 891 803 952 No
822 893 1097 969 Ammone'Ninus,
1121 907 1154 956 nt
1176 901 1295 976 gravio-

190 1009 253 1048 rem
271 993 359 1048 etiam
376 999 536 1066 expertura
553 1011 654 1052 casum
671 993 718 1052 sit.
741 995 840 1052 Etiam
858 1003 889 1052 ta
904 996 1089 1067 inebriatam,
1107 1008 1164 1056 cato
1177 1001 1295 1058 abscon-

192 1093 269 1148 dita.-
292 1095 378 1148 ¹etiam
402 1101 433 1148 tn
459 1109 575 1166 quaeres
597 1095 773 1168 praesideam
789 1096 826 1151 ab
841 1095 937 1153 toste!
960 1096 1120 1156 Praeclare
1136 1101 1296 1159 secundum

191 1181 303 1250 ν.10’“ί
325 1191 546 1250 similitudinem
573 1201 729 1272 utrumque
759 1196 922 1254 membrum
952 1195 1059 1273 incipit
1084 1218 1131 1256 vv.
1169 1213 1226 1260 nn·
1242 1197 1295 1274 nr,

191 1299 224 1349 tu
242 1309 377 1368 qnoque,
387 1345 389 1348 .
401 1293 487 1351 sicuti
504 1293 625 1352 Thebae
641 1294 726 1368 illae,
750 1303 783 1354 tu
801 1296 904 1365 edam,
929 1315 949 1354 a
965 1315 1026 1374 qua
1042 1299 1102 1356 tale
1119 1297 1191 1374 quid
1207 1297 1297 1380 longe

193 1392 298 1450 abesse
316 1399 346 1450 et
362 1391 430 1468 ipsa
446 1401 476 1450 et
498 1393 602 1468 populi
628 1394 689 1453 iere
710 1413 811 1456 omnes
831 1395 998 1472 opinantur.
1027 1397 1129 1458 Verba
1148 1400 1295 1461 Horma.

190 1501 270 1550 recte
287 1491 330 1550 ait
346 1511 406 1550 non
423 1511 504 1550 mere
519 1493 620 1551 futura
637 1513 717 1568 esse,
737 1497 789 1555 sed
806 1496 1008 1570 voluntativa,
1033 1498 1077 1556 uti
1094 1517 1151 1558 nos
1167 1501 1296 1566 reddidi-

192 1611 258 1651 mus
278 1609 335 1652 sec.
352 1593 556 1652 abbreviatam
572 1593 709 1669 imperat.
727 1595 748 1657 f.
784 1613 858 1668 nvn,
876 1595 942 1654 Ew.
958 1597 1059 1673 1224.
1082 1598 1155 1658 Non
1173 1601 1295 1678 proprie

193 1700 309 1762 autem,
327 1691 381 1750 sed
397 1693 540 1752 translate
555 1693 663 1752 dicitur
674 1695 814 1754 inebriari
827 1695 935 1755 Ninus.
958 1697 1105 1769 „Lacuna
1119 1701 1191 1758 haec
1204 1701 1296 1760 meta-

192 1792 331 1868 phorica,
349 1792 421 1851 alibi
437 1793 469 1851 in
485 1795 596 1852 bonum
615 1813 732 1854 sensum
750 1795 949 1854 abundantiae
964 1798 1111 1856 bonorum
1122 1807 1152 1858 et
1163 1799 1296 1860 laetitiae

191 1893 260 1950 hino
277 1901 434 1968 perceptae
450 1899 590 1971 sumpta“
610 1895 676 1971 (afr.
693 1896 719 1970 l,
739 1897 801 1974 10),
820 1897 889 1969 „hio
907 1897 1018 1956 clarum
1036 1907 1096 1972 est,
1115 1900 1196 1976 quod
1212 1910 1296 1960 notet

191 1992 317 2064 malum,
335 2011 395 2052 ncn
414 1994 534 2070 calpae,
559 2037 611 2054 ...
636 1995 688 2075 sed
705 2013 834 2073 poenae,
849 2006 994 2074 quatenus
1012 1997 1083 2057 dicit
1099 2001 1237 2060 haustum
1256 2021 1295 2060 ex

191 2093 298 2168 poculo
321 2093 384 2152 irae
401 2092 519 2153 divinae
534 2095 703 2170 liberalem,
729 2096 807 2155 unde
830 2097 909 2156 foret
935 2115 1049 2157 summa
1065 2099 1241 2174 infirmitas,
1266 2110 1295 2161 et

190 2193 371 2270 vertiginosa
388 2195 502 2254 consilii
512 2194 637 2280 inopia,
656 2195 727 2274 quin
745 2205 774 2255 et
791 2205 896 2273 stupor
912 2197 1046 2272 lethalis,
1066 2201 1141 2259 sieut
1158 2202 1189 2258 in
1203 2202 1294 2261 ebriis

191 2293 264 2351 haec
285 2293 389 2352 adesse
412 2295 524 2367 solent,
547 2297 614 2353 coll.
631 2296 688 2356 les.
704 2295 762 2369 LI,
782 2301 824 2354 17.
841 2302 882 2354 20.
899 2301 950 2368 213
975 2298 1031 2354 ler.
1048 2299 1150 2372 XXV,
1170 2303 1202 2358 15
1219 2321 1238 2359 a
1263 2305 1293 2359 .“

190 2393 362 2451 ineamus.
386 2387 465 2456 utun
492 2393 664 2469 simpliciter
689 2396 836 2471 significat
857 2395 904 2468 id,
930 2396 1011 2472 quod
1032 2397 1119 2471 latet,
1146 2401 1293 2460 occultum

191 2499 251 2566 est,
277 2492 378 2568 illeg.
396 2493 444 2565 X,
461 2497 504 2564 3.;
530 2493 602 2553 Lev.
620 2495 658 2567 V,
683 2499 773 2567 2-43
797 2495 876 2554 Eccl.
901 2495 979 2568 XII,
999 2501 1046 2568 1⁴13
1076 2517 1180 2559 sensus
1205 2501 1297 2578 igitur

191 2593 334 2652 enuntiati
350 2593 399 2652 hie
415 2601 474 2652 est:
497 2593 575 2652 adeo
591 2595 649 2654 eris
666 2594 764 2654 deleta
780 2603 813 2653 ut
830 2594 973 2672 reliquiae
991 2604 1060 2654 tuae
1076 2599 1188 2659 frustra
1206 2619 1297 2678 quae·

190 2703 309 2767 rantur,
333 2694 387 2753 cir.
405 2694 436 2766 l,
454 2697 479 2752 8.
501 2693 614 2768 11,1a;
644 2695 753 2755 Obadi.
770 2716 798 2755 v.
817 2700 849 2753 16
873 2705 924 2769 „et
945 2697 1124 2772 populantur
1146 2709 1176 2758 et
1193 2700 1296 2777 deglu-
1412 2751 1416 2758 .

189 2794 280 2867 dunt,
303 2802 393 2872 atque
409 2796 485 2855 adeo
502 2804 586 2869 sunt,
612 2795 700 2874 quasi
717 2815 868 2874 nunquam
884 2797 1049 2871 fuissent,“
1067 2813 1115 2865 nn
1138 2795 1200 2862 aa:
1221 2815 1294 2869 tarn.

190 2893 281 2953 Hand
298 2913 383 2954 secus
399 2895 610 2972 interpretatur
627 2896 799 2956 Cervinus:
826 2916 1006 2970 „evanescas
1030 2917 1066 2958 aa
1088 2897 1115 2956 si
1132 2917 1294 2977 numquam
1353 2895 1355 2898 ’

190 2994 319 3066 inissem,
335 3014 405 3053 nam
426 2997 569 3055 absecndi
594 3015 683 3074 saepe
704 2997 851 3056 Hebraeis
876 3006 922 3057 est
951 2999 983 3055 in
1013 2997 1137 3056 nihilum
1164 2999 1293 3076 redigi.“

189 3091 363 3166 emmam,
381 3095 499 3153 Anam
526 3095 694 3169 Quaenam
720 3096 908 3170 simplicitate
934 3098 1156 3155 commendetur
1177 3107 1294 3158 senten·

190 3192 252 3266 na,
275 3174 408 3252 maxima
429 3193 622 3270 interpretum
643 3213 715 3270 pars
736 3195 795 3253 hoc
817 3195 888 3254 illuc
903 3204 1038 3272 vagatur.
1072 3195 1293 3256 Latendi'enim

187 3311 326 3353 caussam
344 3295 374 3372 1)
389 3294 421 3352 in
437 3301 518 3352 metu
533 3294 663 3353 hostium
679 3303 842 3370 posuerunt
858 3295 972 3367 Dana,
990 3295 1106 3368 Tuam,
1124 3295 1294 3371 Holenam,

188 3393 219 3451 id
237 3394 318 3471 quod
334 3401 449 3472 pugnat
465 3411 531 3453 cum
547 3414 576 3452 v.
594 3409 712 3466 mamm
729 3395 817 3469 longe
830 3395 924 3454 satius
941 3397 972 3472 2)
989 3395 1104 3468 Buram,
1119 3395 1220 3456 Uunn.
1234 3415 1293 3458 sec.

190 3493 277 3552 (lant.
290 3493 322 3566 Ι,
340 3499 356 3552 7
374 3494 481 3570 capitis
497 3492 726 3565 involutionem,
746 3495 851 3552 summi
867 3494 990 3570 pudoris
1009 3496 1126 3572 signum
1137 3495 1294 3556 intellexe-

188 3602 258 3652 runt
283 3593 335 3652 cfr.
359 3593 516 3653 Haucsrn.
540 3613 567 3653 a.
586 3595 615 3653 h.
633 3594 670 3666 l.;
697 3593 735 3651 ad
759 3612 846 3670 quem
871 3595 934 3654 fere
956 3611 1074 3655 sensnm
1096 3607 1295 3671 pervenerunt

189 3692 279 3750 LXX
296 3681 573 3775 ὑπερεωραμένη,
596 3695 732 3754 lhnnon.
748 3693 807 3753 eris
824 3695 979 3770 despecta,
997 3695 1117 3768 Maure
1140 3704 1239 3755 tamen
1264 3706 1295 3756 et

188 3793 272 3851 verbi
289 3793 372 3852 notio
391 3801 420 3852 et
437 3811 533 3852 nexus
550 3795 760 3858 sententiarum
783 3802 813 3853 et
830 3793 966 3854 Obadise
984 3795 1106 3871 insuper
1127 3795 1292 3856 similitudo

187 3901 320 3952 nostram
337 3893 461 3952 suadere
477 3893 749 3970 interpretationem
768 3894 910 3954 videntur.
944 3898 976 3974 3)
993 3893 1189 3973 singulariter
1205 3897 1290 3977 Em,

187 3991 278 4052 Hrrz.
305 3992 459 4070 caliginem
484 3993 578 4054 oculis
601 3994 728 4054 offusam
750 3995 920 4069 proferunt3
951 3995 1100 4055 Hrrzrero
1126 3996 1204 4055 enim
1226 4011 1294 4071 nnn

186 4092 297 4151 Thren.
315 4093 361 4166 11,
382 4097 413 4150 19
430 4101 475 4153 est
491 4089 608 4172 τ-ηῆν,
625 4094 715 4172 idque
731 4089 868 4157 :05:11¹
1120 4099 1124 4108 '

238 4317 262 4378 1)
281 4317 370 4372 (lnam
393 4328 419 4370 et
435 4318 565 4370 Karnana.
589 4333 636 4384 pro
658 4333 730 4370 more
752 4333 799 4369 sno
822 4317 856 4369 sd
873 4317 976 4370 Arabes
997 4317 1160 4383 conlugmnt,
1183 4323 1210 4368 et
1233 4331 1293 4372 oum
