3126 5000
242 289 290 362 44
649 292 721 352 Onu.
736 294 765 366 l,
784 311 814 351 v.
830 297 941 351 12-14.

241 479 292 557 qui
309 479 340 536 in
352 485 533 538 contemtum
544 476 696 536 hominum
713 477 858 537 inciderit.
893 476 924 554 3)
942 473 1018 537 Sunt
1034 476 1139 548 etam,
1158 477 1210 553 qui
1223 476 1350 536 celerem

241 599 306 640 esse
329 587 447 638 vertant
462 571 535 653 bbp,
560 577 652 636 veluti
669 575 777 638 asam.
791 578 821 651 I,
839 579 888 648 233
914 576 994 635 Hab.
1006 576 1037 648 1,
1056 580 1090 648 83
1103 576 1219 636 'Ierem
1230 577 1285 649 IV,
1299 581 1348 649 133

240 680 304 739 Iob.
318 679 380 752 IX,
397 683 431 738 25
447 678 530 753 (coll.
548 677 606 736 adi.
621 672 690 757 ΒΡ»
713 679 757 738 sic
773 676 927 751 Peschito,
951 676 1063 736 omissa
1085 677 1223 738 nimirum
1250 678 1349 738 vocali

241 781 296 840 sub
313 781 333 840 l.
350 797 387 858 n,
404 779 540 838 exhibet:
558 762 700 884 Δχὲε,
719 779 793 852 cito,
812 778 960 851 celeriter,
979 786 1009 836 et
1025 776 1128 836 LXX:
1148 767 1203 837 ὅτι
1224 777 1347 853 ταχεῖς,

241 880 404 942 coniunctis
422 879 521 938 verbis
538 898 605 938 cnm
621 897 711 939 versu
727 885 877 955 sequente.
913 876 999 952 Quae
1014 877 1218 953 interpretatio
1235 879 1348 939 incoru-

240 980 331 1042 moda
355 988 408 1041 est.
427 1013 464 1024 -
498 978 782 1039 Commemorandae
805 978 894 1038 etiam
910 986 995 1051 sunt,
1020 997 1058 1038 na
1080 979 1217 1040 omisisse
1234 1000 1286 1040 aas
1303 981 1349 1040 vi·

241 1083 378 1155 deamur,
402 1080 479 1139 aliae
495 1079 709 1157 interpretandi
725 1080 873 1152 rationes,
899 1097 977 1156 quae
993 1079 1041 1137 vel
1057 1080 1216 1139 verborum
1233 1081 1347 1142 tonnas

240 1183 288 1242 vel
305 1183 443 1242 idoneum
461 1180 614 1240 offendunt
630 1199 764 1240 sensum:
781 1181 930 1252 Ionium,
948 1177 1078 1239 Guoru:
1097 1180 1169 1256 quis
1186 1181 1273 1240 facile
1289 1182 1349 1242 hoc

240 1293 287 1344 est
314 1302 414 1342 coram
444 1301 508 1354 me;
540 1281 656 1354 Draus,
684 1281 825 1340 Pisana:
864 1280 934 1357 qnia
966 1279 1100 1353 vilueris,
1131 1281 1193 1340 scil.
1224 1291 1348 1358 accepta

241 1384 325 1442 clade
340 1384 373 1442 in
388 1382 514 1454 Iudaea,
533 1382 579 1441 vel
597 1381 709 1442 amisso
725 1399 834 1459 regn03
859 1379 1002 1456 denique,
1026 1381 1070 1438 uti
1086 1381 1263 1442 cavillcruut
1280 1384 1347 1460 qui·

241 1485 323 1544 dam:
348 1484 419 1561 quia
434 1481 593 1542 levissimis
611 1489 715 1541 contra
730 1481 893 1540 Dominum
910 1480 1010 1540 verbis
1027 1481 1167 1542 utebaris.

291 1585 376 1658 Quae
393 1602 459 1643 cum
481 1583 523 1643 ita
547 1583 620 1656 sint,
644 1582 771 1659 primam
788 1581 919 1642 vaticinii
942 1589 1058 1657 partem
1081 1582 1206 1643 consilio
1222 1581 1347 1642 Domini

240 1687 277 1744 de
298 1684 495 1761 Assyriorum
517 1701 610 1760 regno
632 1682 765 1742 funditus
788 1683 946 1742 evertendo
970 1682 1087 1742 absolvi
1110 1683 1254 1743 videmus.
1294 1685 1347 1754 nt,

195 1779 198 1795 ¹
240 1786 327 1846 sicuti
343 1785 455 1844 nullum
472 1784 534 1844 fere
557 1785 654 1844 adhuc
670 1804 788 1844 versum
810 1782 1039 1860 explicavimus,
1063 1784 1101 1844 de
1125 1803 1185 1861 quo
1208 1803 1269 1842 non
1285 1785 1346 1844 dis·

241 1895 414 1963 erepsissent
435 1904 483 1944 vv.
506 1885 573 1958 dd.‚
596 1895 694 1944 utrum
719 1883 864 1960 Assyrios
888 1903 928 1942 an
950 1884 1078 1944 Iudaeos
1101 1885 1276 1961 respiceret,
1303 1885 1347 1945 ita

241 1996 405 2046 extremam
422 2003 542 2062 quoque
563 1985 737 2046 sententiam
759 2003 819 2042 non
843 1984 1014 2057 defuerunt,
1039 1985 1091 2062 qni
1114 1985 1151 2044 dc
1167 1986 1286 2046 Iudaeis
1302 1987 1346 2045 di-

242 2095 319 2146 ctam
337 2071 527 2144 affirmarent.
567 2083 721 2144 crannus
738 2092 927 2161 praeceptum
943 2083 1066 2144 Domini
1091 2087 1201 2162 'reperit
1217 2087 1254 2146 de
1271 2087 1347 2146 Inda

242 2187 351 2247 tuenda
368 2194 398 2244 et
414 2187 451 2245 de
467 2204 527 2244 non
544 2185 644 2244 futura
667 2185 774 2244 iterum
792 2185 976 2260 dispersione
997 2185 1102 2262 populi
1126 2197 1198 2262 post
1213 2187 1346 2264 Babylo·

240 2289 354 2361 nicam,
380 2296 410 2349 et
431 2285 637 2364 purgationem
662 2306 682 2346 a
706 2285 893 2361 sculptilibus
919 2285 1030 2362 allegat
1052 2287 1172 2350 facum.
1185 2289 1240 2348 sub
1263 2289 1348 2348 Iosia

240 2407 319 2466 rege.
345 2386 532 2466 singularius
545 2387 634 2446 etiam
647 2387 839 2448 temnamus
852 2386 1016 2462 priorailla
1027 2388 1131 2446 verba:
1153 2388 1226 2451 'trun
1249 2383 1289 2452 nb
1306 2391 1346 2448 ad

240 2489 389 2550 Manassis
406 2489 541 2548 instituta
556 2489 647 2548 refert
663 2487 852 2566 abroganda,
869 2488 977 2564 quibus
989 2473 1108 2548 Iudaeis
1122 2488 1183 2563 dur
1198 2497 1228 2547 et
1240 2497 1345 2548 auctor

164 2597 171 2608 '
239 2589 435 2666 plurimorum
457 2589 599 2650 scelernm
616 2589 729 2661 fuerat3
753 2607 879 2665 eumque
901 2607 1019 2648 sensum
1042 2589 1169 2648 dilucide
1185 2596 1287 2665 patere
1303 2589 1347 2649 ait

241 2712 257 2750 a
275 2699 504 2750 commemorata
521 2689 706 2762 idololatria3
725 2708 815 2765 quam
832 2688 960 2764 primum
972 2689 1116 2748 abolitam
1132 2708 1198 2750 esse
1206 2689 1346 2751 Manasse

240 2809 377 2862 reverso,
394 2790 689 2862 wasalxxxffl,
710 2791 813 2862 15.1e;
832 2789 937 2848 danda
949 2789 1103 2867 sequeutia
1120 2809 1241 2868 quoqne
1253 2793 1346 2851 verba

238 2899 345 2968 postca
360 2889 483 2966 impleta
499 2908 564 2950 esse
580 2908 634 2965 per
650 2889 776 2962 Iosiam,
801 2889 852 2965 qui
869 2891 1036 2966 fragmenta
1053 2890 1249 2967 sculptilium,
1267 2911 1345 2970 quae

240 2991 421 3064 succiderat,
444 2989 585 3066 dispersit
607 3009 661 3066 per
684 2989 813 3054 tumulos
831 3009 949 3064 eorum,
975 2991 1026 3068 qui
1044 2991 1086 3052 eis
1103 2992 1257 3051 immolare
1274 3011 1344 3052 con-

240 3099 411 3164 sueverant,
436 3091 567 3150 tParal.
581 3091 730 3163 XXXIV,
750 3095 790 3148 ll.
816 3125 852 3134 -
886 3090 984 3150 Nemo
1010 3101 1056 3151 est
1072 3100 1172 3152 numm
1194 3092 1266 3169 quin
1288 3094 1346 3154 hac

238 3193 480 3270 interpretatione
498 3211 615 3252 omnem
631 3191 763 3251 vaticinii
780 3191 875 3252 nostri
892 3192 1038 3252 rationem
1055 3193 1172 3254 turbari,
1186 3191 1343 3271 intelligat,

239 3313 378 3371 cumpro
396 3294 481 3372 gravi
505 3294 688 3366 calamitate,
715 3311 804 3369 quarn
830 3293 1045 3368 exspectabant
1061 3293 1179 3367 Iudaei,
1205 3295 1343 3354 liberatio

239 3395 277 3454 ab
294 3395 431 3454 hostibus
448 3403 478 3453 et
493 3394 640 3454 restitutio
658 3393 801 3470 pristinae
818 3392 931 3468 glorias
947 3394 1155 3469 promittatur,
1166 3404 1275 3472 ‘neque
1293 3415 1342 3456 us-

239 3480 328 3572 quam
346 3495 466 3573 gravior
482 3494 635 3556 nuntiatur
651 3513 764 3571 poena,
783 3513 873 3571 quam
890 3513 951 3572 qua
966 3494 1026 3554 iam
1044 3504 1129 3555 crant
1145 3496 1253 3556 affecti.
