3124 4988
392 1198 1027 1310 caonacounnn

631 1460 781 1472 ................

569 1673 773 1744 carun
791 1649 843 1740 ἰ.

499 1825 553 1889 nn
582 1824 761 1891 arnono
789 1823 915 1889 vam.

443 2169 469 2243 §-
491 2173 514 2224 1.
566 2181 614 2230 na
641 2180 784 2231 NOMINE
812 2165 969 2230 naraonn.v

32 2408 34 2417 Ι
154 2309 296 2406 Nahumi
326 2341 498 2400 vaticinium
523 2341 560 2397 de
577 2341 660 2399 Nino
689 2342 799 2399 editum
822 2341 996 2416 priusquam
1022 2340 1158 2416 deinceps
1177 2361 1261 2400 enar-

155 2463 273 2515 remus,
292 2443 421 2518 primum
439 2441 649 2516 disputandum
666 2443 753 2500 nobis
771 2441 807 2498 de
825 2449 893 2498 vate
911 2449 964 2499 cst.
991 2439 1056 2498 Nec
1072 2441 1165 2523 muita
1184 2451 1261 2514 suut,

158 2563 236 2620 quae
253 2543 309 2600 hac
325 2543 357 2599 in
375 2541 548 2618 quaestione
564 2541 633 2599 licet
655 2541 806 2618 indagare.
838 2539 958 2599 Nomen
983 2541 1045 2599 eius
1068 2546 1098 2599 et
1121 2541 1206 2618 origo
1229 2543 1262 2599 in

156 2645 244 2702 titulo
261 2651 365 2701 notata
382 2641 584 2718 reperiuntur3
603 2642 685 2714 dein,
705 2662 764 2719 quo
783 2649 915 2716 tempore
933 2649 962 2699 et
979 2660 1108 2718 quonam
1121 2642 1187 2699 loco
1200 2643 1262 2700 fuc-

158 2745 199 2802 rit
215 2745 407 2815 vaticinatus,
431 2742 632 2800 concludendo
651 2743 716 2800 clici
734 2719 824 2819 aique‘
841 2742 953 2799 definiti
971 2749 1086 2818 potest3
1109 2750 1263 2818 praeterea

160 2844 233 2902 nihil
252 2853 379 2903 statuere
397 2861 452 2918 pro
470 2851 550 2900 certo
569 2843 709 2902 valemus.
738 2844 803 2920 Age
820 2843 912 2918 Igitur
928 2843 958 2900 in
981 2843 1109 2902 nominis
1132 2843 1262 2920 inquira-

160 2963 225 3004 mus
243 2944 496 3020 significationem.

211 3043 328 3102 Nomen
351 3058 425 3121 nan}
459 3043 651 3118 repetendum
674 3053 719 3102 cst
741 3063 769 3102 a.
795 3063 823 3102 v.
860 3061 935 3119 nn23
960 3045 1086 3102 habetur
1109 3051 1207 3101 autem
1231 3045 1262 3101 iu

161 3162 263 3202 corum
281 3163 328 3201 vv.
346 3161 483 3214 numero,
503 3131 580 3218 quae
597 3133 691 3200 altera
705 3143 827 3201 radicali
844 3144 863 3200 l.
880 3127 1066 3220 reduplicata
1079 3152 1108 3201 et
1118 3144 1263 3219 producta

72 3293 75 3300 .
163 3244 225 3302 eius
244 3243 341 3301 vocali
357 3243 533 3313 formantur,
548 3227 605 3298 cfr.
618 3242 750 3300 Ewnnm
764 3243 905 3301 ausfirhrl.
918 3244 1026 3302 Lehrb.
1043 3248 1117 3314 1844,
1133 3243 1262 3319 §.155b3

163 3361 222 3421 quo
239 3345 271 3402 in
289 3359 394 3420 genere
411 3341 613 3416 pronuntiatio
634 3355 647 3404 a
671 3343 710 3398 ad
734 3342 886 3417 passivam
912 3352 941 3400 et
962 3343 1178 3402 intransitivam
1197 3362 1264 3420 per·

163 3445 237 3502 ana
258 3444 424 3514 aaronem,
452 3441 504 3500 cfr.
527 3441 594 3499 nw.
620 3441 707 3513 ima,
733 3441 766 3512 a;
792 3425 905 3517 ana,
924 3443 958 3513 a;
984 3444 1036 3501 en.
1061 3440 1155 3522 'sss-ra,
1176 3459 1265 3522 nim,

164 3555 241 3616 jam,
264 3539 352 3616 amm
369 3543 551 3619 significatur
566 3541 658 3617 Igitur
675 3542 718 3614 Is,
738 3541 789 3617 qui
806 3541 911 3616 plenus
929 3549 975 3599 est
991 3561 1041 3614 eo,
1061 3543 1141 3617 quod
1153 3543 1265 3601 indica-

165 3649 213 3698 tur
230 3643 329 3699 verbo.
351 3625 415 3702 Iam
433 3661 503 3701 vero
531 3656 607 3720 nna,
626 3642 706 3718 quod
723 3642 754 3698 in
772 3642 793 3699 f.
811 3641 872 3700 Kal
889 3658 949 3698 non
966 3641 1083 3717 legitur,
1100 3641 1131 3699 in
1143 3639 1267 3718 reliquis

166 3739 318 3813 speciebus
336 3743 610 3822 plerumqueluotat
627 3741 789 3812 consolari3
808 3741 859 3798 cfr.
879 3739 1012 3799 Gasaun
1029 3742 1103 3798 thes.
1121 3761 1185 3799 av.
1195 3763 1203 3812 ;
1221 3743 1266 3798 ul-

167 3839 295 3897 ciscendi
318 3843 393 3898 euim
416 3852 550 3918 potestas
573 3843 676 3919 paucis
694 3842 897 3900 tantummodo
910 3841 988 3899 ¹locis
1005 3839 1167 3912 inuenitur,
1193 3861 1221 3898 v.
1241 3861 1265 3899 c.

167 3939 258 4015 Niph.
276 3939 332 3998 Ies.
347 3941 377 4013 I,
390 3945 438 4012 243
456 3943 509 4001 Ez.
523 3943 576 4015 IV,
591 3946 631 4001 13.
650 3939 775 4015 XXXI,
792 3946 832 4000 16.
846 3941 986 4013 XXXII,
1000 3945 1031 3998 31
1040 3962 1048 4011 ;
1068 3940 1172 4015 Hithp.
1192 3939 1267 3998 Gen.

168 4039 306 4112 XXVII,
330 4045 385 4097 42.
401 4040 503 4098 Possit
532 4061 602 4118 ergo
632 4043 741 4118 duplex
771 4061 873 4101 sensus
903 4035 1002 4100 verbo
1018 4040 1165 4100 subiectus
1189 4059 1267 4098 csse:

168 4149 219 4198 aut
238 4141 314 4212 eius,
340 4141 391 4236 qui
409 4140 495 4199 solat
475 4149 516 4197 tro
535 4141 672 4213 affectus,
698 4143 805 4201 solatio
829 4143 934 4218 plenus
952 4150 1013 4214 est,
1039 4149 1092 4198 aut
1114 4139 1192 4212 cius,
1217 4141 1269 4216 qui

167 4241 284 4300 uchscit
272 4249 329 4335 tur,
348 4241 399 4319 qui
417 4259 477 4299 non
495 4240 562 4300 sine.
574 4240 685 4298 ultione
702 4243 824 4300 offendit
812 4251 867 4300 t.ur
892 4243 982 4300 Ac
958 4262 984 4302 ει
1001 4241 1084 4301 verbi
1094 4240 1270 4317 respicimus

167 4361 269 4416 usum,
288 4342 416 4416 priorem
435 4343 517 4400 illum
534 4340 749 4418 praeferemus,
767 4342 941 4415 praesertim
958 4361 1029 4400 cum
1037 4343 1159 4400 ncmiua
1170 4342 1271 4400 omnia

1028 4463 1036 4496 Ι
