<?xml version="1.0" encoding="UTF-8"?>
<!DOCTYPE html PUBLIC "-//W3C//DTD XHTML 1.0 Transitional//EN"
    "http://www.w3.org/TR/xhtml1/DTD/xhtml1-transitional.dtd">
<html xmlns="http://www.w3.org/1999/xhtml" xml:lang="en" lang="en">
 <head>
  <title>
</title>
<meta http-equiv="Content-Type" content="text/html;charset=utf-8" />
  <meta name='ocr-system' content='tesseract 3.04.00' />
  <meta name='ocr-capabilities' content='ocr_page ocr_carea ocr_par ocr_line ocrx_word'/>
</head>
<body>
  <div class='ocr_page' id='page_1' title='image "./nahumideninovat03stragoog/nahumideninovat03stragoog_0202.png"; bbox 0 0 3122 5002; ppageno 0'>
   <div class='ocr_carea' id='block_1_1' title="bbox 291 313 990 386">
    <p class='ocr_par' dir='ltr' id='par_1_1' title="bbox 291 313 990 386">
     <span class='ocr_line' id='line_1_1' title="bbox 291 313 990 386; baseline -0.02 -2"><span class='ocrx_word' id='word_1_1' title='bbox 291 313 363 384; x_wconf 72' lang='lat'><strong>112</strong></span> <span class='ocrx_word' id='word_1_2' title='bbox 690 313 990 386; x_wconf 60' lang='lat' dir='ltr'><strong>emmas-ts.</strong></span> 
     </span>
    </p>
   </div>
   <div class='ocr_carea' id='block_1_2' title="bbox 288 491 1399 3880">
    <p class='ocr_par' dir='ltr' id='par_1_2' title="bbox 288 491 1399 762">
     <span class='ocr_line' id='line_1_2' title="bbox 290 491 1399 574; baseline -0.007 -14"><span class='ocrx_word' id='word_1_3' title='bbox 290 500 500 560; x_wconf 83' lang='lat' dir='ltr'><strong>intellexerunt</strong></span> <span class='ocrx_word' id='word_1_4' title='bbox 519 495 632 556; x_wconf 84' lang='lat' dir='ltr'><strong>Ninum</strong></span> <span class='ocrx_word' id='word_1_5' title='bbox 653 507 797 574; x_wconf 81' lang='lat' dir='ltr'><strong>tanquam</strong></span> <span class='ocrx_word' id='word_1_6' title='bbox 817 496 945 556; x_wconf 79' lang='lat' dir='ltr'><strong>medium</strong></span> <span class='ocrx_word' id='word_1_7' title='bbox 967 493 1052 571; x_wconf 77' lang='lat' dir='ltr'><strong>regni</strong></span> <span class='ocrx_word' id='word_1_8' title='bbox 1072 493 1172 552; x_wconf 84' lang='lat' dir='ltr'><strong>locum</strong></span> <span class='ocrx_word' id='word_1_9' title='bbox 1195 491 1308 566; x_wconf 73' lang='lat' dir='ltr'><strong>Catu,</strong></span> <span class='ocrx_word' id='word_1_10' title='bbox 1331 491 1399 554; x_wconf 79' lang='lat' dir='ltr'><strong>Cn-</strong></span> 
     </span>
     <span class='ocr_line' id='line_1_3' title="bbox 290 594 1399 675; baseline -0.009 -13"><span class='ocrx_word' id='word_1_11' title='bbox 290 617 409 672; x_wconf 74' lang='grc' dir='ltr'><strong>ιιιιει,</strong></span> <span class='ocrx_word' id='word_1_12' title='bbox 430 600 595 670; x_wconf 45' lang='lat' dir='ltr'><strong>Hostum</strong></span> <span class='ocrx_word' id='word_1_13' title='bbox 618 617 688 656; x_wconf 82' lang='lat' dir='ltr'><strong>nam</strong></span> <span class='ocrx_word' id='word_1_14' title='bbox 710 615 839 675; x_wconf 76' lang='lat' dir='ltr'><strong>sequeus</strong></span> <span class='ocrx_word' id='word_1_15' title='bbox 864 597 983 656; x_wconf 78' lang='lat' dir='ltr'><strong>demum</strong></span> <span class='ocrx_word' id='word_1_16' title='bbox 1004 613 1109 656; x_wconf 84' lang='lat' dir='ltr'><strong>versus</strong></span> <span class='ocrx_word' id='word_1_17' title='bbox 1132 595 1172 656; x_wconf 77' lang='lat' dir='ltr'><strong>sn</strong></span> <span class='ocrx_word' id='word_1_18' title='bbox 1187 594 1286 670; x_wconf 91' lang='lat' dir='ltr'><strong>ipsum</strong></span> <span class='ocrx_word' id='word_1_19' title='bbox 1302 603 1399 670; x_wconf 85' lang='lat' dir='ltr'><strong>caput</strong></span> 
     </span>
     <span class='ocr_line' id='line_1_4' title="bbox 288 701 419 762; baseline -0.015 0"><span class='ocrx_word' id='word_1_20' title='bbox 288 701 419 762; x_wconf 73' lang='lat' dir='ltr'><strong>addunt.</strong></span> 
     </span>
    </p>

    <p class='ocr_par' dir='ltr' id='par_1_3' title="bbox 289 794 1397 3880">
     <span class='ocr_line' id='line_1_5' title="bbox 341 794 1396 876; baseline -0.009 -16"><span class='ocrx_word' id='word_1_21' title='bbox 341 802 456 876; x_wconf 82' lang='lat' dir='ltr'><strong>Elapso</strong></span> <span class='ocrx_word' id='word_1_22' title='bbox 472 799 660 860; x_wconf 81' lang='lat' dir='ltr'><strong>defensorum</strong></span> <span class='ocrx_word' id='word_1_23' title='bbox 676 800 777 858; x_wconf 83' lang='lat' dir='ltr'><strong>animo</strong></span> <span class='ocrx_word' id='word_1_24' title='bbox 793 798 858 858; x_wconf 84' lang='lat' dir='ltr'><strong>fieri</strong></span> <span class='ocrx_word' id='word_1_25' title='bbox 874 817 935 856; x_wconf 90' lang='lat' dir='ltr'><strong>non</strong></span> <span class='ocrx_word' id='word_1_26' title='bbox 950 804 1066 872; x_wconf 87' lang='lat' dir='ltr'><strong>potest,</strong></span> <span class='ocrx_word' id='word_1_27' title='bbox 1083 795 1156 872; x_wconf 91' lang='lat' dir='ltr'><strong>quin</strong></span> <span class='ocrx_word' id='word_1_28' title='bbox 1169 794 1396 871; x_wconf 74' lang='lat' dir='ltr'><strong>propugnacula</strong></span> 
     </span>
     <span class='ocr_line' id='line_1_6' title="bbox 290 894 1392 976; baseline -0.007 -14"><span class='ocrx_word' id='word_1_29' title='bbox 290 902 379 962; x_wconf 78' lang='lat' dir='ltr'><strong>fscsse</strong></span> <span class='ocrx_word' id='word_1_30' title='bbox 395 909 585 976; x_wconf 80' lang='lat' dir='ltr'><strong>occupentur.</strong></span> <span class='ocrx_word' id='word_1_31' title='bbox 616 895 722 972; x_wconf 55' lang='lat' dir='ltr'><strong>matut</strong></span> <span class='ocrx_word' id='word_1_32' title='bbox 752 899 885 958; x_wconf 73' lang='lat' dir='ltr'><strong>malesei</strong></span> <span class='ocrx_word' id='word_1_33' title='bbox 898 896 1102 956; x_wconf 80' lang='lat' dir='ltr'><strong>antecedentis</strong></span> <span class='ocrx_word' id='word_1_34' title='bbox 1114 903 1298 955; x_wconf 86' lang='lat' dir='ltr'><strong>retorserunt</strong></span> <span class='ocrx_word' id='word_1_35' title='bbox 1312 895 1338 952; x_wconf 94' lang='grc' dir='ltr'><strong>Ι.</strong></span> <span class='ocrx_word' id='word_1_36' title='bbox 1351 894 1392 954; x_wconf 89' lang='lat' dir='ltr'><strong>D.</strong></span> 
     </span>
     <span class='ocr_line' id='line_1_7' title="bbox 290 995 1394 1076; baseline -0.006 -15"><span class='ocrx_word' id='word_1_37' title='bbox 290 1003 404 1074; x_wconf 75' lang='lat' dir='ltr'><strong>Mrem,</strong></span> <span class='ocrx_word' id='word_1_38' title='bbox 426 1001 615 1071; x_wconf 75' lang='lat' dir='ltr'><strong>Rusonem,</strong></span> <span class='ocrx_word' id='word_1_39' title='bbox 637 998 728 1058; x_wconf 85' lang='lat' dir='ltr'><strong>Hrrz.</strong></span> <span class='ocrx_word' id='word_1_40' title='bbox 746 1000 790 1076; x_wconf 92' lang='lat'><strong>(1)</strong></span> <span class='ocrx_word' id='word_1_41' title='bbox 805 999 969 1070; x_wconf 71' lang='lat' dir='ltr'><strong>Hennam,</strong></span> <span class='ocrx_word' id='word_1_42' title='bbox 986 998 1030 1056; x_wconf 85' lang='lat' dir='ltr'><strong>ita</strong></span> <span class='ocrx_word' id='word_1_43' title='bbox 1045 1005 1079 1054; x_wconf 90' lang='lat' dir='ltr'><strong>nt</strong></span> <span class='ocrx_word' id='word_1_44' title='bbox 1095 995 1228 1054; x_wconf 85' lang='lat' dir='ltr'><strong>audiret:</strong></span> <span class='ocrx_word' id='word_1_45' title='bbox 1241 1015 1259 1052; x_wconf 88' lang='lat' dir='ltr'><strong>e</strong></span> <span class='ocrx_word' id='word_1_46' title='bbox 1271 996 1394 1072; x_wconf 83' lang='lat' dir='ltr'><strong>regione</strong></span> 
     </span>
     <span class='ocr_line' id='line_1_8' title="bbox 290 1097 1393 1174; baseline -0.007 -12"><span class='ocrx_word' id='word_1_47' title='bbox 290 1102 421 1162; x_wconf 88' lang='lat' dir='ltr'><strong>hostium</strong></span> <span class='ocrx_word' id='word_1_48' title='bbox 439 1100 606 1173; x_wconf 90' lang='lat' dir='ltr'><strong>constituti,</strong></span> <span class='ocrx_word' id='word_1_49' title='bbox 630 1099 767 1160; x_wconf 87' lang='lat' dir='ltr'><strong>mulieres</strong></span> <span class='ocrx_word' id='word_1_50' title='bbox 784 1108 868 1171; x_wconf 78' lang='lat' dir='ltr'><strong>sunt3</strong></span> <span class='ocrx_word' id='word_1_51' title='bbox 891 1117 952 1174; x_wconf 91' lang='lat' dir='ltr'><strong>quo</strong></span> <span class='ocrx_word' id='word_1_52' title='bbox 975 1097 1070 1158; x_wconf 88' lang='lat' dir='ltr'><strong>futilis</strong></span> <span class='ocrx_word' id='word_1_53' title='bbox 1087 1097 1279 1154; x_wconf 87' lang='lat' dir='ltr'><strong>conficeretur</strong></span> <span class='ocrx_word' id='word_1_54' title='bbox 1293 1103 1393 1154; x_wconf 85' lang='lat' dir='ltr'><strong>tanto·</strong></span> 
     </span>
     <span class='ocr_line' id='line_1_9' title="bbox 290 1195 1393 1280; baseline -0.007 -18"><span class='ocrx_word' id='word_1_55' title='bbox 290 1203 382 1280; x_wconf 82' lang='lat' dir='ltr'><strong>logis.</strong></span> <span class='ocrx_word' id='word_1_56' title='bbox 400 1235 437 1244; x_wconf 89' lang='lat'><em>-</em></span> <span class='ocrx_word' id='word_1_57' title='bbox 451 1215 544 1266; x_wconf 74' lang='lat' dir='ltr'><strong>tonus</strong></span> <span class='ocrx_word' id='word_1_58' title='bbox 566 1215 653 1265; x_wconf 66' lang='lat' dir='ltr'><strong>ninn-</strong></span> <span class='ocrx_word' id='word_1_59' title='bbox 669 1200 812 1258; x_wconf 84' lang='lat' dir='ltr'><strong>Infinitivi</strong></span> <span class='ocrx_word' id='word_1_60' title='bbox 823 1199 954 1260; x_wconf 83' lang='lat' dir='ltr'><strong>absoluti</strong></span> <span class='ocrx_word' id='word_1_61' title='bbox 966 1217 1033 1258; x_wconf 85' lang='lat' dir='ltr'><strong>cum</strong></span> <span class='ocrx_word' id='word_1_62' title='bbox 1042 1198 1134 1257; x_wconf 85' lang='lat' dir='ltr'><strong>verbo</strong></span> <span class='ocrx_word' id='word_1_63' title='bbox 1146 1195 1232 1254; x_wconf 87' lang='lat' dir='ltr'><strong>finito</strong></span> <span class='ocrx_word' id='word_1_64' title='bbox 1244 1195 1393 1254; x_wconf 87' lang='lat' dir='ltr'><strong>coniuncti</strong></span> 
     </span>
     <span class='ocr_line' id='line_1_10' title="bbox 292 1295 1392 1376; baseline -0.005 -14"><span class='ocrx_word' id='word_1_65' title='bbox 292 1305 339 1362; x_wconf 80' lang='lat' dir='ltr'><strong>vis</strong></span> <span class='ocrx_word' id='word_1_66' title='bbox 356 1309 386 1362; x_wconf 88' lang='lat' dir='ltr'><strong>et</strong></span> <span class='ocrx_word' id='word_1_67' title='bbox 402 1301 535 1360; x_wconf 86' lang='lat' dir='ltr'><strong>efficacia</strong></span> <span class='ocrx_word' id='word_1_68' title='bbox 551 1300 705 1376; x_wconf 85' lang='lat' dir='ltr'><strong>praeclaro</strong></span> <span class='ocrx_word' id='word_1_69' title='bbox 722 1301 780 1360; x_wconf 88' lang='lat' dir='ltr'><strong>hoc</strong></span> <span class='ocrx_word' id='word_1_70' title='bbox 795 1301 925 1360; x_wconf 83' lang='lat' dir='ltr'><strong>cernitur</strong></span> <span class='ocrx_word' id='word_1_71' title='bbox 941 1297 1095 1374; x_wconf 86' lang='lat' dir='ltr'><strong>exemplo;</strong></span> <span class='ocrx_word' id='word_1_72' title='bbox 1112 1296 1258 1372; x_wconf 72' lang='lat' dir='ltr'><strong>sapiditas</strong></span> <span class='ocrx_word' id='word_1_73' title='bbox 1274 1303 1305 1354; x_wconf 84' lang='lat' dir='ltr'><strong>et</strong></span> <span class='ocrx_word' id='word_1_74' title='bbox 1319 1295 1392 1356; x_wconf 82' lang='lat' dir='ltr'><strong>isci-</strong></span> 
     </span>
     <span class='ocr_line' id='line_1_11' title="bbox 289 1396 1392 1480; baseline -0.004 -18"><span class='ocrx_word' id='word_1_75' title='bbox 289 1405 378 1476; x_wconf 87' lang='lat' dir='ltr'><strong>litss,</strong></span> <span class='ocrx_word' id='word_1_76' title='bbox 399 1421 459 1480; x_wconf 84' lang='lat' dir='ltr'><strong>qna</strong></span> <span class='ocrx_word' id='word_1_77' title='bbox 480 1409 586 1476; x_wconf 84' lang='lat' dir='ltr'><strong>portae</strong></span> <span class='ocrx_word' id='word_1_78' title='bbox 607 1400 794 1475; x_wconf 81' lang='lat' dir='ltr'><strong>aperiuntur,</strong></span> <span class='ocrx_word' id='word_1_79' title='bbox 816 1401 870 1458; x_wconf 84' lang='lat' dir='ltr'><strong>vix</strong></span> <span class='ocrx_word' id='word_1_80' title='bbox 887 1399 988 1476; x_wconf 80' lang='lat' dir='ltr'><strong>aptius</strong></span> <span class='ocrx_word' id='word_1_81' title='bbox 1004 1397 1133 1474; x_wconf 75' lang='lat' dir='ltr'>exprimi</span> <span class='ocrx_word' id='word_1_82' title='bbox 1149 1396 1289 1472; x_wconf 86' lang='lat' dir='ltr'><strong>potuerit.</strong></span> <span class='ocrx_word' id='word_1_83' title='bbox 1310 1411 1392 1458; x_wconf 66' lang='lat' dir='ltr'><strong>*ww</strong></span> 
     </span>
     <span class='ocr_line' id='line_1_12' title="bbox 292 1497 1392 1578; baseline -0.007 -16"><span class='ocrx_word' id='word_1_84' title='bbox 292 1517 377 1577; x_wconf 61' lang='lat' dir='ltr'><strong>unte</strong></span> <span class='ocrx_word' id='word_1_85' title='bbox 399 1521 436 1559; x_wconf 84' lang='lat' dir='ltr'><strong>ca</strong></span> <span class='ocrx_word' id='word_1_86' title='bbox 456 1509 526 1560; x_wconf 89' lang='lat' dir='ltr'><strong>sunt</strong></span> <span class='ocrx_word' id='word_1_87' title='bbox 540 1500 642 1558; x_wconf 86' lang='lat' dir='ltr'><strong>finium</strong></span> <span class='ocrx_word' id='word_1_88' title='bbox 658 1499 742 1572; x_wconf 80' lang='lat' dir='ltr'><strong>loca,</strong></span> <span class='ocrx_word' id='word_1_89' title='bbox 758 1519 814 1577; x_wconf 83' lang='lat' dir='ltr'><strong>per</strong></span> <span class='ocrx_word' id='word_1_90' title='bbox 830 1519 907 1578; x_wconf 83' lang='lat' dir='ltr'><strong>qnae</strong></span> <span class='ocrx_word' id='word_1_91' title='bbox 922 1500 1021 1558; x_wconf 85' lang='lat' dir='ltr'><strong>aditus</strong></span> <span class='ocrx_word' id='word_1_92' title='bbox 1037 1506 1121 1574; x_wconf 77' lang='lat' dir='ltr'><strong>patet</strong></span> <span class='ocrx_word' id='word_1_93' title='bbox 1135 1497 1167 1554; x_wconf 91' lang='lat' dir='ltr'><strong>in</strong></span> <span class='ocrx_word' id='word_1_94' title='bbox 1191 1504 1318 1572; x_wconf 61' lang='lat' dir='ltr'><strong>terram</strong></span> <span class='ocrx_word' id='word_1_95' title='bbox 1340 1515 1392 1556; x_wconf 84' lang='lat' dir='ltr'><strong>ve·</strong></span> 
     </span>
     <span class='ocr_line' id='line_1_13' title="bbox 291 1596 1391 1676; baseline -0.005 -15"><span class='ocrx_word' id='word_1_96' title='bbox 291 1602 347 1661; x_wconf 89' lang='lat' dir='ltr'><strong>luti</strong></span> <span class='ocrx_word' id='word_1_97' title='bbox 363 1601 465 1660; x_wconf 79' lang='lat' dir='ltr'>fauces</span> <span class='ocrx_word' id='word_1_98' title='bbox 481 1609 511 1658; x_wconf 91' lang='lat' dir='ltr'><strong>et</strong></span> <span class='ocrx_word' id='word_1_99' title='bbox 528 1601 683 1676; x_wconf 86' lang='lat' dir='ltr'><strong>angustias</strong></span> <span class='ocrx_word' id='word_1_100' title='bbox 705 1601 865 1671; x_wconf 87' lang='lat' dir='ltr'><strong>montium,</strong></span> <span class='ocrx_word' id='word_1_101' title='bbox 891 1598 1021 1660; x_wconf 72' lang='lat' dir='ltr'><strong>castellis</strong></span> <span class='ocrx_word' id='word_1_102' title='bbox 1043 1598 1105 1656; x_wconf 87' lang='lat' dir='ltr'><strong>fere</strong></span> <span class='ocrx_word' id='word_1_103' title='bbox 1126 1596 1272 1670; x_wconf 89' lang='lat' dir='ltr'><strong>munitae,</strong></span> <span class='ocrx_word' id='word_1_104' title='bbox 1295 1596 1391 1656; x_wconf 87' lang='lat' dir='ltr'><strong>cuins·</strong></span> 
     </span>
     <span class='ocr_line' id='line_1_14' title="bbox 292 1694 1391 1777; baseline -0.007 -15"><span class='ocrx_word' id='word_1_105' title='bbox 292 1702 374 1762; x_wconf 87' lang='lat' dir='ltr'><strong>modi</strong></span> <span class='ocrx_word' id='word_1_106' title='bbox 396 1702 584 1762; x_wconf 79' lang='lat' dir='ltr'><strong>Bocuaurns</strong></span> <span class='ocrx_word' id='word_1_107' title='bbox 605 1700 691 1759; x_wconf 84' lang='lat' dir='ltr'><strong>Phal.</strong></span> <span class='ocrx_word' id='word_1_108' title='bbox 716 1720 747 1777; x_wconf 88' lang='lat' dir='ltr'><strong>p.</strong></span> <span class='ocrx_word' id='word_1_109' title='bbox 768 1705 828 1758; x_wconf 78' lang='lat'><strong>220.</strong></span> <span class='ocrx_word' id='word_1_110' title='bbox 851 1699 926 1758; x_wconf 86' lang='lat' dir='ltr'><strong>Can.</strong></span> <span class='ocrx_word' id='word_1_111' title='bbox 950 1718 981 1775; x_wconf 88' lang='lat' dir='ltr'><strong>p.</strong></span> <span class='ocrx_word' id='word_1_112' title='bbox 998 1703 1048 1756; x_wconf 76' lang='lat'><strong>377</strong></span> <span class='ocrx_word' id='word_1_113' title='bbox 1071 1697 1206 1757; x_wconf 82' lang='lat' dir='ltr'><strong>laudavit</strong></span> <span class='ocrx_word' id='word_1_114' title='bbox 1222 1694 1391 1756; x_wconf 83' lang='lat' dir='ltr'><strong>Chaboram</strong></span> 
     </span>
     <span class='ocr_line' id='line_1_15' title="bbox 291 1796 1392 1875; baseline -0.005 -14"><span class='ocrx_word' id='word_1_115' title='bbox 291 1813 439 1875; x_wconf 85' lang='lat' dir='ltr'><strong>montem,</strong></span> <span class='ocrx_word' id='word_1_116' title='bbox 457 1800 573 1858; x_wconf 86' lang='lat' dir='ltr'><strong>Mediae</strong></span> <span class='ocrx_word' id='word_1_117' title='bbox 590 1801 776 1875; x_wconf 88' lang='lat' dir='ltr'><strong>oppositum,</strong></span> <span class='ocrx_word' id='word_1_118' title='bbox 794 1800 971 1859; x_wconf 77' lang='lat' dir='ltr'><strong>et&#39;l&#39;ucurns</strong></span> <span class='ocrx_word' id='word_1_119' title='bbox 984 1799 1004 1857; x_wconf 91' lang='lat' dir='ltr'><strong>l.</strong></span> <span class='ocrx_word' id='word_1_120' title='bbox 1015 1799 1036 1857; x_wconf 94' lang='lat' dir='ltr'><strong>l.</strong></span> <span class='ocrx_word' id='word_1_121' title='bbox 1051 1818 1082 1874; x_wconf 89' lang='lat' dir='ltr'><strong>p.</strong></span> <span class='ocrx_word' id='word_1_122' title='bbox 1093 1801 1128 1855; x_wconf 81' lang='lat'><strong>35</strong></span> <span class='ocrx_word' id='word_1_123' title='bbox 1145 1796 1259 1856; x_wconf 81' lang='lat' dir='ltr'><strong>addidit</strong></span> <span class='ocrx_word' id='word_1_124' title='bbox 1275 1805 1392 1856; x_wconf 89' lang='lat' dir='ltr'><strong>montes</strong></span> 
     </span>
     <span class='ocr_line' id='line_1_16' title="bbox 290 1898 1390 1976; baseline -0.007 -14"><span class='ocrx_word' id='word_1_125' title='bbox 290 1923 310 1962; x_wconf 88' lang='lat' dir='ltr'><strong>a</strong></span> <span class='ocrx_word' id='word_1_126' title='bbox 329 1902 431 1964; x_wconf 82' lang='lat' dir='ltr'><strong>Plinio</strong></span> <span class='ocrx_word' id='word_1_127' title='bbox 453 1901 514 1959; x_wconf 89' lang='lat' dir='ltr'><strong>iam</strong></span> <span class='ocrx_word' id='word_1_128' title='bbox 533 1900 631 1958; x_wconf 86' lang='lat' dir='ltr'><strong>invios</strong></span> <span class='ocrx_word' id='word_1_129' title='bbox 653 1901 835 1976; x_wconf 86' lang='lat' dir='ltr'><strong>appellatos,</strong></span> <span class='ocrx_word' id='word_1_130' title='bbox 860 1901 912 1976; x_wconf 90' lang='lat' dir='ltr'><strong>qui</strong></span> <span class='ocrx_word' id='word_1_131' title='bbox 934 1900 974 1958; x_wconf 85' lang='lat' dir='ltr'><strong>ad</strong></span> <span class='ocrx_word' id='word_1_132' title='bbox 994 1898 1224 1975; x_wconf 73' lang='lat' dir='ltr'><strong>septentrionem</strong></span> <span class='ocrx_word' id='word_1_133' title='bbox 1248 1905 1390 1973; x_wconf 74' lang='lat' dir='ltr'><strong>vergunt3</strong></span> 
     </span>
     <span class='ocr_line' id='line_1_17' title="bbox 290 1998 1392 2078; baseline -0.007 -15"><span class='ocrx_word' id='word_1_134' title='bbox 290 2003 367 2064; x_wconf 84' lang='lat' dir='ltr'><strong>adde</strong></span> <span class='ocrx_word' id='word_1_135' title='bbox 392 2020 512 2078; x_wconf 86' lang='lat' dir='ltr'><strong>quoque</strong></span> <span class='ocrx_word' id='word_1_136' title='bbox 533 2000 686 2058; x_wconf 90' lang='lat' dir='ltr'><strong>fluminum</strong></span> <span class='ocrx_word' id='word_1_137' title='bbox 709 2001 788 2060; x_wconf 81' lang='lat' dir='ltr'><strong>voda</strong></span> <span class='ocrx_word' id='word_1_138' title='bbox 811 2010 841 2060; x_wconf 91' lang='lat' dir='ltr'><strong>et</strong></span> <span class='ocrx_word' id='word_1_139' title='bbox 863 1999 1005 2058; x_wconf 75' lang='lat' dir='ltr'><strong>transitus</strong></span> <span class='ocrx_word' id='word_1_140' title='bbox 1022 1999 1073 2058; x_wconf 89' lang='lat' dir='ltr'><strong>all.</strong></span> <span class='ocrx_word' id='word_1_141' title='bbox 1097 1998 1259 2056; x_wconf 84' lang='lat' dir='ltr'><strong>Portarum</strong></span> <span class='ocrx_word' id='word_1_142' title='bbox 1283 2007 1392 2069; x_wconf 88' lang='lat' dir='ltr'><strong>autem,</strong></span> 
     </span>
     <span class='ocr_line' id='line_1_18' title="bbox 290 2098 1393 2179; baseline -0.005 -18"><span class='ocrx_word' id='word_1_143' title='bbox 290 2102 433 2179; x_wconf 75' lang='lat' dir='ltr'><strong>qnoniam</strong></span> <span class='ocrx_word' id='word_1_144' title='bbox 448 2100 579 2158; x_wconf 83' lang='lat' dir='ltr'><strong>maxime</strong></span> <span class='ocrx_word' id='word_1_145' title='bbox 595 2100 693 2158; x_wconf 79' lang='lat' dir='ltr'><strong>solent</strong></span> <span class='ocrx_word' id='word_1_146' title='bbox 708 2101 839 2158; x_wconf 87' lang='lat' dir='ltr'><strong>munitae</strong></span> <span class='ocrx_word' id='word_1_147' title='bbox 855 2119 935 2172; x_wconf 87' lang='lat' dir='ltr'><strong>esse,</strong></span> <span class='ocrx_word' id='word_1_148' title='bbox 953 2119 990 2158; x_wconf 86' lang='lat' dir='ltr'><strong>es</strong></span> <span class='ocrx_word' id='word_1_149' title='bbox 1005 2107 1051 2158; x_wconf 85' lang='lat' dir='ltr'><strong>est</strong></span> <span class='ocrx_word' id='word_1_150' title='bbox 1060 2098 1210 2174; x_wconf 80' lang='lat' dir='ltr'><strong>gravitas,</strong></span> <span class='ocrx_word' id='word_1_151' title='bbox 1227 2098 1325 2174; x_wconf 89' lang='lat' dir='ltr'><strong>utqui</strong></span> <span class='ocrx_word' id='word_1_152' title='bbox 1340 2116 1393 2156; x_wconf 88' lang='lat' dir='ltr'><strong>ess</strong></span> 
     </span>
     <span class='ocr_line' id='line_1_19' title="bbox 289 2197 1391 2278; baseline -0.006 -16"><span class='ocrx_word' id='word_1_153' title='bbox 289 2201 419 2278; x_wconf 79' lang='lat' dir='ltr'><strong>ceperit,</strong></span> <span class='ocrx_word' id='word_1_154' title='bbox 438 2217 545 2258; x_wconf 81' lang='lat' dir='ltr'><strong>omnen</strong></span> <span class='ocrx_word' id='word_1_155' title='bbox 562 2199 650 2258; x_wconf 85' lang='lat' dir='ltr'><strong>simul</strong></span> <span class='ocrx_word' id='word_1_156' title='bbox 666 2201 770 2258; x_wconf 88' lang='lat' dir='ltr'><strong>urbem</strong></span> <span class='ocrx_word' id='word_1_157' title='bbox 786 2200 989 2276; x_wconf 73' lang='lat' dir='ltr'><strong>occupaverit,</strong></span> <span class='ocrx_word' id='word_1_158' title='bbox 1007 2199 1061 2258; x_wconf 85' lang='lat' dir='ltr'><strong>cfr.</strong></span> <span class='ocrx_word' id='word_1_159' title='bbox 1077 2199 1136 2258; x_wconf 83' lang='lat' dir='ltr'><strong>Ios.</strong></span> <span class='ocrx_word' id='word_1_160' title='bbox 1146 2197 1257 2270; x_wconf 85' lang='lat' dir='ltr'>XXII,</span> <span class='ocrx_word' id='word_1_161' title='bbox 1275 2202 1291 2255; x_wconf 78' lang='lat'>⁷</span> <span class='ocrx_word' id='word_1_162' title='bbox 1300 2219 1309 2269; x_wconf 70' lang='grc' dir='ltr'><strong>ς</strong></span> <span class='ocrx_word' id='word_1_163' title='bbox 1326 2198 1391 2256; x_wconf 85' lang='lat' dir='ltr'><strong>Iud.</strong></span> 
     </span>
     <span class='ocr_line' id='line_1_20' title="bbox 290 2297 1392 2375; baseline -0.004 -13"><span class='ocrx_word' id='word_1_164' title='bbox 290 2301 329 2375; x_wconf 82' lang='lat' dir='ltr'><strong>V,</strong></span> <span class='ocrx_word' id='word_1_165' title='bbox 347 2304 381 2373; x_wconf 70' lang='grc' dir='ltr'><strong>ὃς</strong></span> <span class='ocrx_word' id='word_1_166' title='bbox 404 2299 494 2358; x_wconf 87' lang='lat' dir='ltr'><strong>Mioh.</strong></span> <span class='ocrx_word' id='word_1_167' title='bbox 511 2299 542 2372; x_wconf 91' lang='lat'><strong>1,</strong></span> <span class='ocrx_word' id='word_1_168' title='bbox 560 2303 593 2372; x_wconf 74' lang='lat'><strong>93</strong></span> <span class='ocrx_word' id='word_1_169' title='bbox 617 2300 675 2360; x_wconf 88' lang='lat' dir='ltr'><strong>Ier.</strong></span> <span class='ocrx_word' id='word_1_170' title='bbox 693 2301 780 2372; x_wconf 89' lang='lat' dir='ltr'><strong>XIV,</strong></span> <span class='ocrx_word' id='word_1_171' title='bbox 798 2305 829 2372; x_wconf 74' lang='lat'><strong>23</strong></span> <span class='ocrx_word' id='word_1_172' title='bbox 851 2302 909 2360; x_wconf 87' lang='lat' dir='ltr'><strong>Ics.</strong></span> <span class='ocrx_word' id='word_1_173' title='bbox 927 2300 1044 2373; x_wconf 90' lang='lat' dir='ltr'>XXIV,</span> <span class='ocrx_word' id='word_1_174' title='bbox 1064 2304 1105 2356; x_wconf 83' lang='grc'><strong>19.</strong></span> <span class='ocrx_word' id='word_1_175' title='bbox 1135 2297 1275 2358; x_wconf 81' lang='lat' dir='ltr'><strong>Claustra</strong></span> <span class='ocrx_word' id='word_1_176' title='bbox 1296 2307 1392 2358; x_wconf 86' lang='lat' dir='ltr'><strong>terrae</strong></span> 
     </span>
     <span class='ocr_line' id='line_1_21' title="bbox 290 2397 1391 2472; baseline -0.005 -10"><span class='ocrx_word' id='word_1_177' title='bbox 290 2402 351 2462; x_wconf 84' lang='lat' dir='ltr'><strong>alio</strong></span> <span class='ocrx_word' id='word_1_178' title='bbox 368 2400 459 2458; x_wconf 88' lang='lat' dir='ltr'><strong>etiam</strong></span> <span class='ocrx_word' id='word_1_179' title='bbox 475 2418 565 2458; x_wconf 87' lang='lat' dir='ltr'><strong>sensu</strong></span> <span class='ocrx_word' id='word_1_180' title='bbox 581 2400 692 2460; x_wconf 90' lang='lat' dir='ltr'><strong>usitata</strong></span> <span class='ocrx_word' id='word_1_181' title='bbox 708 2401 761 2460; x_wconf 81' lang='lat' dir='ltr'><strong>cir.</strong></span> <span class='ocrx_word' id='word_1_182' title='bbox 777 2401 841 2460; x_wconf 91' lang='lat' dir='ltr'><strong>Ion.</strong></span> <span class='ocrx_word' id='word_1_183' title='bbox 858 2401 906 2472; x_wconf 89' lang='lat' dir='ltr'><strong>ss,</strong></span> <span class='ocrx_word' id='word_1_184' title='bbox 924 2405 949 2458; x_wconf 83' lang='grc'><strong>7.</strong></span> <span class='ocrx_word' id='word_1_185' title='bbox 962 2433 998 2442; x_wconf 89' lang='grc'>-</span> <span class='ocrx_word' id='word_1_186' title='bbox 1016 2399 1215 2458; x_wconf 78' lang='lat' dir='ltr'><strong>Continentur</strong></span> <span class='ocrx_word' id='word_1_187' title='bbox 1231 2397 1391 2460; x_wconf 84' lang='lat' dir='ltr'><strong>similitudo</strong></span> 
     </span>
     <span class='ocr_line' id='line_1_22' title="bbox 289 2500 1391 2578; baseline -0.004 -18"><span class='ocrx_word' id='word_1_188' title='bbox 289 2509 486 2578; x_wconf 86' lang='lat' dir='ltr'><strong>praepostera</strong></span> <span class='ocrx_word' id='word_1_189' title='bbox 507 2500 651 2576; x_wconf 82' lang='lat' dir='ltr'><strong>imagine:</strong></span> <span class='ocrx_word' id='word_1_190' title='bbox 674 2505 809 2560; x_wconf 76' lang='lat' dir='ltr'><strong>consumit</strong></span> <span class='ocrx_word' id='word_1_191' title='bbox 830 2505 904 2575; x_wconf 77' lang='lat' dir='ltr'><strong>ipnis</strong></span> <span class='ocrx_word' id='word_1_192' title='bbox 925 2511 1014 2560; x_wconf 82' lang='lat' dir='ltr'><strong>vectes</strong></span> <span class='ocrx_word' id='word_1_193' title='bbox 1037 2509 1107 2558; x_wconf 83' lang='lat' dir='ltr'><strong>tuos.</strong></span> <span class='ocrx_word' id='word_1_194' title='bbox 1132 2515 1205 2562; x_wconf 66' lang='lat' dir='ltr'><strong>rnna</strong></span> <span class='ocrx_word' id='word_1_195' title='bbox 1229 2518 1257 2558; x_wconf 75' lang='lat' dir='ltr'><strong>a</strong></span> <span class='ocrx_word' id='word_1_196' title='bbox 1274 2519 1302 2558; x_wconf 81' lang='lat' dir='ltr'><strong>v.</strong></span> <span class='ocrx_word' id='word_1_197' title='bbox 1320 2513 1391 2572; x_wconf 72' lang='lat' dir='ltr'><strong>tm,</strong></span> 
     </span>
     <span class='ocr_line' id='line_1_23' title="bbox 290 2593 1393 2676; baseline -0.005 -14"><span class='ocrx_word' id='word_1_198' title='bbox 290 2602 344 2662; x_wconf 82' lang='lat' dir='ltr'><strong>cfr.</strong></span> <span class='ocrx_word' id='word_1_199' title='bbox 361 2600 459 2659; x_wconf 79' lang='lat' dir='ltr'><strong>Exod.</strong></span> <span class='ocrx_word' id='word_1_200' title='bbox 476 2600 634 2674; x_wconf 83' lang='lat' dir='ltr'>XXXVI,</span> <span class='ocrx_word' id='word_1_201' title='bbox 651 2605 685 2658; x_wconf 86' lang='grc'><strong>33</strong></span> <span class='ocrx_word' id='word_1_202' title='bbox 703 2610 754 2675; x_wconf 89' lang='lat' dir='ltr'><strong>„et</strong></span> <span class='ocrx_word' id='word_1_203' title='bbox 769 2602 841 2662; x_wconf 85' lang='lat' dir='ltr'><strong>fecit</strong></span> <span class='ocrx_word' id='word_1_204' title='bbox 856 2593 969 2662; x_wconf 78' lang='lat' dir='ltr'><strong>vectem</strong></span> <span class='ocrx_word' id='word_1_205' title='bbox 985 2601 1152 2660; x_wconf 74' lang='lat' dir='ltr'><strong>medianum</strong></span> <span class='ocrx_word' id='word_1_206' title='bbox 1178 2599 1231 2676; x_wconf 87' lang='lat' dir='ltr'><strong>qni</strong></span> <span class='ocrx_word' id='word_1_207' title='bbox 1253 2599 1393 2660; x_wconf 75' lang='lat' dir='ltr'><strong>transiret</strong></span> 
     </span>
     <span class='ocr_line' id='line_1_24' title="bbox 289 2695 1393 2777; baseline -0.004 -15"><span class='ocrx_word' id='word_1_208' title='bbox 289 2695 400 2777; x_wconf 64' lang='lat' dir='ltr'><strong>(mas)</strong></span> <span class='ocrx_word' id='word_1_209' title='bbox 416 2719 471 2777; x_wconf 88' lang='lat' dir='ltr'><strong>per</strong></span> <span class='ocrx_word' id='word_1_210' title='bbox 486 2700 599 2760; x_wconf 85' lang='lat' dir='ltr'><strong>medios</strong></span> <span class='ocrx_word' id='word_1_211' title='bbox 615 2719 732 2762; x_wconf 80' lang='lat' dir='ltr'><strong>asseres</strong></span> <span class='ocrx_word' id='word_1_212' title='bbox 748 2703 788 2760; x_wconf 85' lang='lat' dir='ltr'><strong>ab</strong></span> <span class='ocrx_word' id='word_1_213' title='bbox 811 2702 906 2760; x_wconf 72' lang='lat' dir='ltr'><strong>altero</strong></span> <span class='ocrx_word' id='word_1_214' title='bbox 928 2711 1063 2760; x_wconf 88' lang='lat' dir='ltr'><strong>extremo</strong></span> <span class='ocrx_word' id='word_1_215' title='bbox 1086 2700 1126 2759; x_wconf 82' lang='lat' dir='ltr'><strong>sd</strong></span> <span class='ocrx_word' id='word_1_216' title='bbox 1148 2700 1303 2760; x_wconf 88' lang='lat' dir='ltr'><strong>alternm.“</strong></span> <span class='ocrx_word' id='word_1_217' title='bbox 1327 2699 1393 2758; x_wconf 82' lang='lat' dir='ltr'><strong>Ism</strong></span> 
     </span>
     <span class='ocr_line' id='line_1_25' title="bbox 290 2800 1392 2876; baseline -0.002 -16"><span class='ocrx_word' id='word_1_218' title='bbox 290 2819 363 2860; x_wconf 85' lang='lat' dir='ltr'><strong>vero</strong></span> <span class='ocrx_word' id='word_1_219' title='bbox 374 2800 574 2876; x_wconf 85' lang='lat' dir='ltr'><strong>quaerendum</strong></span> <span class='ocrx_word' id='word_1_220' title='bbox 586 2809 646 2874; x_wconf 87' lang='lat' dir='ltr'><strong>est,</strong></span> <span class='ocrx_word' id='word_1_221' title='bbox 660 2809 759 2860; x_wconf 84' lang='lat' dir='ltr'><strong>utrum</strong></span> <span class='ocrx_word' id='word_1_222' title='bbox 770 2820 827 2860; x_wconf 86' lang='lat' dir='ltr'><strong>sua</strong></span> <span class='ocrx_word' id='word_1_223' title='bbox 838 2801 927 2860; x_wconf 88' lang='lat' dir='ltr'><strong>etiam</strong></span> <span class='ocrx_word' id='word_1_224' title='bbox 939 2801 1072 2860; x_wconf 86' lang='lat' dir='ltr'><strong>vectibus</strong></span> <span class='ocrx_word' id='word_1_225' title='bbox 1085 2800 1289 2876; x_wconf 82' lang='lat' dir='ltr'><strong>metaphorica</strong></span> <span class='ocrx_word' id='word_1_226' title='bbox 1301 2817 1392 2876; x_wconf 83' lang='lat' dir='ltr'><strong>quse·</strong></span> 
     </span>
     <span class='ocr_line' id='line_1_26' title="bbox 292 2898 1394 2977; baseline -0.002 -17"><span class='ocrx_word' id='word_1_227' title='bbox 292 2900 362 2960; x_wconf 75' lang='lat' dir='ltr'><strong>dam</strong></span> <span class='ocrx_word' id='word_1_228' title='bbox 380 2898 514 2957; x_wconf 85' lang='lat' dir='ltr'><strong>videatur</strong></span> <span class='ocrx_word' id='word_1_229' title='bbox 530 2907 665 2974; x_wconf 88' lang='lat' dir='ltr'><strong>potestas</strong></span> <span class='ocrx_word' id='word_1_230' title='bbox 682 2900 853 2974; x_wconf 87' lang='lat' dir='ltr'><strong>tribuenda,</strong></span> <span class='ocrx_word' id='word_1_231' title='bbox 871 2921 910 2960; x_wconf 90' lang='lat' dir='ltr'><strong>an</strong></span> <span class='ocrx_word' id='word_1_232' title='bbox 928 2901 1055 2977; x_wconf 82' lang='lat' dir='ltr'><strong>simplex</strong></span> <span class='ocrx_word' id='word_1_233' title='bbox 1074 2900 1106 2958; x_wconf 91' lang='lat' dir='ltr'><strong>in</strong></span> <span class='ocrx_word' id='word_1_234' title='bbox 1123 2900 1297 2960; x_wconf 82' lang='lat' dir='ltr'><strong>exornanda</strong></span> <span class='ocrx_word' id='word_1_235' title='bbox 1312 2899 1394 2958; x_wconf 92' lang='lat' dir='ltr'><strong>simi-</strong></span> 
     </span>
     <span class='ocr_line' id='line_1_27' title="bbox 291 2998 1394 3078; baseline -0.002 -20"><span class='ocrx_word' id='word_1_236' title='bbox 291 2998 415 3058; x_wconf 88' lang='lat' dir='ltr'><strong>litudine</strong></span> <span class='ocrx_word' id='word_1_237' title='bbox 432 2999 635 3059; x_wconf 86' lang='lat' dir='ltr'><strong>concedendus</strong></span> <span class='ocrx_word' id='word_1_238' title='bbox 651 3000 735 3060; x_wconf 87' lang='lat' dir='ltr'><strong>locus</strong></span> <span class='ocrx_word' id='word_1_239' title='bbox 752 3000 838 3060; x_wconf 81' lang='lat' dir='ltr'><strong>esse?</strong></span> <span class='ocrx_word' id='word_1_240' title='bbox 866 3001 981 3075; x_wconf 81' lang='lat' dir='ltr'><strong>Quibus</strong></span> <span class='ocrx_word' id='word_1_241' title='bbox 998 3001 1125 3078; x_wconf 87' lang='lat' dir='ltr'><strong>primum</strong></span> <span class='ocrx_word' id='word_1_242' title='bbox 1141 3001 1216 3062; x_wconf 85' lang='lat' dir='ltr'><strong>illud</strong></span> <span class='ocrx_word' id='word_1_243' title='bbox 1226 3000 1353 3076; x_wconf 75' lang='lat' dir='ltr'><strong>placuit,</strong></span> <span class='ocrx_word' id='word_1_244' title='bbox 1370 2999 1394 3056; x_wconf 93' lang='lat' dir='ltr'><strong>ii</strong></span> 
     </span>
     <span class='ocr_line' id='line_1_28' title="bbox 291 3098 1395 3178; baseline 0.002 -20"><span class='ocrx_word' id='word_1_245' title='bbox 291 3107 390 3160; x_wconf 87' lang='lat' dir='ltr'><strong>vectes</strong></span> <span class='ocrx_word' id='word_1_246' title='bbox 407 3098 603 3160; x_wconf 89' lang='lat' dir='ltr'><strong>meminerunt</strong></span> <span class='ocrx_word' id='word_1_247' title='bbox 618 3100 651 3159; x_wconf 88' lang='lat' dir='ltr'><strong>id</strong></span> <span class='ocrx_word' id='word_1_248' title='bbox 668 3119 749 3174; x_wconf 89' lang='lat' dir='ltr'><strong>esse,</strong></span> <span class='ocrx_word' id='word_1_249' title='bbox 773 3119 833 3178; x_wconf 91' lang='lat' dir='ltr'><strong>quo</strong></span> <span class='ocrx_word' id='word_1_250' title='bbox 850 3102 1027 3162; x_wconf 87' lang='lat' dir='ltr'><strong>clauduntur</strong></span> <span class='ocrx_word' id='word_1_251' title='bbox 1048 3109 1169 3176; x_wconf 86' lang='lat' dir='ltr'><strong>portae,</strong></span> <span class='ocrx_word' id='word_1_252' title='bbox 1192 3101 1212 3160; x_wconf 92' lang='lat' dir='ltr'><strong>i.</strong></span> <span class='ocrx_word' id='word_1_253' title='bbox 1226 3120 1251 3162; x_wconf 87' lang='lat' dir='ltr'><strong>e.</strong></span> <span class='ocrx_word' id='word_1_254' title='bbox 1274 3099 1395 3162; x_wconf 77' lang='lat' dir='ltr'><strong>castella</strong></span> 
     </span>
     <span class='ocr_line' id='line_1_29' title="bbox 293 3199 1393 3279; baseline -0.002 -19"><span class='ocrx_word' id='word_1_255' title='bbox 293 3209 323 3260; x_wconf 83' lang='lat' dir='ltr'><strong>et</strong></span> <span class='ocrx_word' id='word_1_256' title='bbox 344 3199 586 3276; x_wconf 85' lang='lat' dir='ltr'><strong>propugnacula,</strong></span> <span class='ocrx_word' id='word_1_257' title='bbox 618 3201 726 3279; x_wconf 87' lang='lat' dir='ltr'><strong>quibus</strong></span> <span class='ocrx_word' id='word_1_258' title='bbox 755 3202 853 3262; x_wconf 85' lang='lat' dir='ltr'><strong>aditus</strong></span> <span class='ocrx_word' id='word_1_259' title='bbox 876 3210 973 3262; x_wconf 86' lang='lat' dir='ltr'><strong>terrae</strong></span> <span class='ocrx_word' id='word_1_260' title='bbox 989 3201 1200 3275; x_wconf 80' lang='lat' dir='ltr'><strong>defenduntur,</strong></span> <span class='ocrx_word' id='word_1_261' title='bbox 1232 3201 1285 3260; x_wconf 86' lang='lat' dir='ltr'><strong>cfr.</strong></span> <span class='ocrx_word' id='word_1_262' title='bbox 1322 3217 1393 3262; x_wconf 66' lang='lat' dir='ltr'><strong>nti:</strong></span> 
     </span>
     <span class='ocr_line' id='line_1_30' title="bbox 291 3299 1395 3378; baseline 0 -18"><span class='ocrx_word' id='word_1_263' title='bbox 291 3299 368 3360; x_wconf 86' lang='lat' dir='ltr'><strong>Hos.</strong></span> <span class='ocrx_word' id='word_1_264' title='bbox 381 3300 443 3371; x_wconf 88' lang='lat' dir='ltr'><strong>XI,</strong></span> <span class='ocrx_word' id='word_1_265' title='bbox 461 3304 495 3372; x_wconf 64' lang='grc' dir='ltr'><strong>ὃς</strong></span> <span class='ocrx_word' id='word_1_266' title='bbox 513 3319 590 3376; x_wconf 89' lang='lat' dir='ltr'><strong>quae</strong></span> <span class='ocrx_word' id='word_1_267' title='bbox 606 3301 811 3378; x_wconf 72' lang='lat' dir='ltr'><strong>interpretatio</strong></span> <span class='ocrx_word' id='word_1_268' title='bbox 829 3302 945 3362; x_wconf 90' lang='lat' dir='ltr'><strong>etiamsi</strong></span> <span class='ocrx_word' id='word_1_269' title='bbox 961 3301 1059 3377; x_wconf 86' lang='lat' dir='ltr'><strong>possit</strong></span> <span class='ocrx_word' id='word_1_270' title='bbox 1071 3300 1286 3374; x_wconf 87' lang='lat' dir='ltr'><strong>commendari,</strong></span> <span class='ocrx_word' id='word_1_271' title='bbox 1310 3320 1395 3378; x_wconf 85' lang='lat' dir='ltr'><strong>pras-</strong></span> 
     </span>
     <span class='ocr_line' id='line_1_31' title="bbox 293 3399 1397 3477; baseline 0 -19"><span class='ocrx_word' id='word_1_272' title='bbox 293 3399 415 3458; x_wconf 87' lang='lat' dir='ltr'><strong>ferimns</strong></span> <span class='ocrx_word' id='word_1_273' title='bbox 437 3408 537 3458; x_wconf 85' lang='lat' dir='ltr'><strong>tamen</strong></span> <span class='ocrx_word' id='word_1_274' title='bbox 559 3401 692 3460; x_wconf 86' lang='lat' dir='ltr'><strong>alteram.</strong></span> <span class='ocrx_word' id='word_1_275' title='bbox 717 3401 912 3477; x_wconf 85' lang='lat' dir='ltr'><strong>Assyriorum</strong></span> <span class='ocrx_word' id='word_1_276' title='bbox 936 3410 1035 3462; x_wconf 88' lang='lat' dir='ltr'><strong>autem</strong></span> <span class='ocrx_word' id='word_1_277' title='bbox 1058 3402 1240 3462; x_wconf 87' lang='lat' dir='ltr'><strong>consuetudo</strong></span> <span class='ocrx_word' id='word_1_278' title='bbox 1257 3409 1336 3473; x_wconf 87' lang='lat' dir='ltr'><strong>erat,</strong></span> <span class='ocrx_word' id='word_1_279' title='bbox 1362 3407 1397 3458; x_wconf 88' lang='lat' dir='ltr'><strong>nt</strong></span> 
     </span>
     <span class='ocr_line' id='line_1_32' title="bbox 292 3499 1395 3579; baseline 0 -21"><span class='ocrx_word' id='word_1_280' title='bbox 292 3499 427 3558; x_wconf 88' lang='lat' dir='ltr'><strong>locomm</strong></span> <span class='ocrx_word' id='word_1_281' title='bbox 444 3499 640 3572; x_wconf 86' lang='lat' dir='ltr'><strong>munitorum,</strong></span> <span class='ocrx_word' id='word_1_282' title='bbox 659 3521 737 3579; x_wconf 87' lang='lat' dir='ltr'><strong>qnae</strong></span> <span class='ocrx_word' id='word_1_283' title='bbox 753 3510 978 3578; x_wconf 80' lang='lat' dir='ltr'><strong>oppugnarent,</strong></span> <span class='ocrx_word' id='word_1_284' title='bbox 997 3502 1094 3578; x_wconf 86' lang='lat' dir='ltr'><strong>portis</strong></span> <span class='ocrx_word' id='word_1_285' title='bbox 1110 3501 1191 3561; x_wconf 83' lang='lat' dir='ltr'><strong>faces</strong></span> <span class='ocrx_word' id='word_1_286' title='bbox 1209 3500 1395 3572; x_wconf 86' lang='lat' dir='ltr'><strong>subiicerent,</strong></span> 
     </span>
     <span class='ocr_line' id='line_1_33' title="bbox 294 3599 1395 3677; baseline 0.003 -21"><span class='ocrx_word' id='word_1_287' title='bbox 294 3599 401 3676; x_wconf 91' lang='lat' dir='ltr'><strong>quibus</strong></span> <span class='ocrx_word' id='word_1_288' title='bbox 419 3609 632 3673; x_wconf 79' lang='lat' dir='ltr'><strong>cremarentur,</strong></span> <span class='ocrx_word' id='word_1_289' title='bbox 651 3602 695 3660; x_wconf 89' lang='lat' dir='ltr'><strong>uti</strong></span> <span class='ocrx_word' id='word_1_290' title='bbox 711 3621 750 3659; x_wconf 86' lang='lat' dir='ltr'><strong>ex</strong></span> <span class='ocrx_word' id='word_1_291' title='bbox 767 3601 959 3677; x_wconf 87' lang='lat' dir='ltr'><strong>amplissimis</strong></span> <span class='ocrx_word' id='word_1_292' title='bbox 976 3609 1233 3663; x_wconf 89' lang='lat' dir='ltr'><strong>monumentorum</strong></span> <span class='ocrx_word' id='word_1_293' title='bbox 1251 3599 1395 3676; x_wconf 86' lang='lat' dir='ltr'><strong>exemplis</strong></span> 
     </span>
     <span class='ocr_line' id='line_1_34' title="bbox 292 3697 1394 3778; baseline 0.002 -20"><span class='ocrx_word' id='word_1_294' title='bbox 292 3697 485 3774; x_wconf 77' lang='lat' dir='ltr'><strong>intelligimus</strong></span> <span class='ocrx_word' id='word_1_295' title='bbox 498 3698 515 3756; x_wconf 87' lang='lat'><strong>¹.</strong></span> <span class='ocrx_word' id='word_1_296' title='bbox 539 3700 680 3762; x_wconf 87' lang='lat' dir='ltr'><strong>Vectibus</strong></span> <span class='ocrx_word' id='word_1_297' title='bbox 703 3717 775 3777; x_wconf 87' lang='lat' dir='ltr'><strong>ergo</strong></span> <span class='ocrx_word' id='word_1_298' title='bbox 798 3720 857 3760; x_wconf 90' lang='lat' dir='ltr'><strong>non</strong></span> <span class='ocrx_word' id='word_1_299' title='bbox 878 3702 938 3762; x_wconf 88' lang='lat' dir='ltr'><strong>alia</strong></span> <span class='ocrx_word' id='word_1_300' title='bbox 956 3701 1113 3762; x_wconf 85' lang='lat' dir='ltr'><strong>tribuenda</strong></span> <span class='ocrx_word' id='word_1_301' title='bbox 1134 3701 1311 3778; x_wconf 79' lang='lat' dir='ltr'><strong>significatio</strong></span> <span class='ocrx_word' id='word_1_302' title='bbox 1330 3700 1394 3772; x_wconf 87' lang='lat' dir='ltr'><strong>erit,</strong></span> 
     </span>
     <span class='ocr_line' id='line_1_35' title="bbox 294 3799 1395 3880; baseline 0.004 -24"><span class='ocrx_word' id='word_1_303' title='bbox 294 3815 385 3874; x_wconf 83' lang='lat' dir='ltr'><strong>quarn</strong></span> <span class='ocrx_word' id='word_1_304' title='bbox 402 3804 435 3853; x_wconf 90' lang='lat' dir='ltr'><strong>ut</strong></span> <span class='ocrx_word' id='word_1_305' title='bbox 451 3806 504 3856; x_wconf 83' lang='lat' dir='ltr'><strong>cut</strong></span> <span class='ocrx_word' id='word_1_306' title='bbox 519 3799 698 3875; x_wconf 87' lang='lat' dir='ltr'><strong>amplificent</strong></span> <span class='ocrx_word' id='word_1_307' title='bbox 709 3807 862 3876; x_wconf 84' lang='lat' dir='ltr'><strong>portarum</strong></span> <span class='ocrx_word' id='word_1_308' title='bbox 876 3801 1113 3876; x_wconf 83' lang='lat' dir='ltr'><strong>similitudinem,</strong></span> <span class='ocrx_word' id='word_1_309' title='bbox 1131 3810 1183 3862; x_wconf 88' lang='lat' dir='ltr'><strong>ant</strong></span> <span class='ocrx_word' id='word_1_310' title='bbox 1200 3800 1395 3880; x_wconf 85' lang='lat' dir='ltr'><strong>metonymice</strong></span> 
     </span>
    </p>
   </div>
   <div class='ocr_carea' id='block_1_3' title="bbox 296 3987 1396 4222">
    <p class='ocr_par' dir='ltr' id='par_1_4' title="bbox 296 3987 1396 4222">
     <span class='ocr_line' id='line_1_36' title="bbox 347 3987 1396 4058; baseline 0.002 -18"><span class='ocrx_word' id='word_1_311' title='bbox 347 3989 373 4052; x_wconf 90' lang='lat'><strong>1)</strong></span> <span class='ocrx_word' id='word_1_312' title='bbox 391 3988 444 4040; x_wconf 82' lang='lat' dir='ltr'><strong>Cfr.</strong></span> <span class='ocrx_word' id='word_1_313' title='bbox 459 3987 559 4040; x_wconf 75' lang='lat' dir='ltr'><strong>Bosom</strong></span> <span class='ocrx_word' id='word_1_314' title='bbox 575 4005 600 4056; x_wconf 92' lang='lat' dir='ltr'><strong>p.</strong></span> <span class='ocrx_word' id='word_1_315' title='bbox 613 3991 672 4041; x_wconf 77' lang='lat'><strong>185.</strong></span> <span class='ocrx_word' id='word_1_316' title='bbox 695 3991 752 4042; x_wconf 87' lang='grc'><strong>191.</strong></span> <span class='ocrx_word' id='word_1_317' title='bbox 776 3993 834 4042; x_wconf 82' lang='grc'><strong>179.</strong></span> <span class='ocrx_word' id='word_1_318' title='bbox 858 3993 917 4044; x_wconf 83' lang='grc'><strong>199.</strong></span> <span class='ocrx_word' id='word_1_319' title='bbox 940 3993 990 4042; x_wconf 85' lang='grc'><strong>196</strong></span> <span class='ocrx_word' id='word_1_320' title='bbox 1007 3992 1049 4042; x_wconf 84' lang='lat' dir='ltr'><strong>all</strong></span> <span class='ocrx_word' id='word_1_321' title='bbox 1083 3992 1117 4042; x_wconf 89' lang='lat' dir='ltr'><strong>Id</strong></span> <span class='ocrx_word' id='word_1_322' title='bbox 1134 3992 1203 4058; x_wconf 86' lang='lat' dir='ltr'><strong>quod</strong></span> <span class='ocrx_word' id='word_1_323' title='bbox 1220 3992 1287 4044; x_wconf 86' lang='lat' dir='ltr'><strong>adso</strong></span> <span class='ocrx_word' id='word_1_324' title='bbox 1304 3991 1396 4042; x_wconf 82' lang='lat' dir='ltr'><strong>abiisse</strong></span> 
     </span>
     <span class='ocr_line' id='line_1_37' title="bbox 296 4073 1396 4142; baseline 0 -17"><span class='ocrx_word' id='word_1_325' title='bbox 296 4075 324 4126; x_wconf 91' lang='lat' dir='ltr'><strong>in</strong></span> <span class='ocrx_word' id='word_1_326' title='bbox 341 4074 456 4138; x_wconf 74' lang='lat' dir='ltr'><strong>regulam</strong></span> <span class='ocrx_word' id='word_1_327' title='bbox 473 4073 586 4136; x_wconf 86' lang='lat' dir='ltr'><strong>videtur,</strong></span> <span class='ocrx_word' id='word_1_328' title='bbox 604 4081 632 4124; x_wconf 88' lang='lat' dir='ltr'><strong>nt</strong></span> <span class='ocrx_word' id='word_1_329' title='bbox 648 4073 711 4124; x_wconf 80' lang='lat' dir='ltr'><strong>Bon.</strong></span> <span class='ocrx_word' id='word_1_330' title='bbox 729 4091 754 4140; x_wconf 89' lang='lat' dir='ltr'><strong>p.</strong></span> <span class='ocrx_word' id='word_1_331' title='bbox 768 4076 816 4125; x_wconf 86' lang='grc'><strong>179</strong></span> <span class='ocrx_word' id='word_1_332' title='bbox 834 4074 868 4124; x_wconf 83' lang='lat' dir='ltr'><strong>de</strong></span> <span class='ocrx_word' id='word_1_333' title='bbox 884 4076 996 4140; x_wconf 81' lang='lat' dir='ltr'><strong>imagine</strong></span> <span class='ocrx_word' id='word_1_334' title='bbox 1012 4075 1123 4140; x_wconf 84' lang='lat' dir='ltr'><strong>quadam</strong></span> <span class='ocrx_word' id='word_1_335' title='bbox 1140 4075 1236 4138; x_wconf 80' lang='lat' dir='ltr'><strong>(Boura</strong></span> <span class='ocrx_word' id='word_1_336' title='bbox 1252 4077 1286 4142; x_wconf 92' lang='lat' dir='ltr'><strong>pl.</strong></span> <span class='ocrx_word' id='word_1_337' title='bbox 1297 4076 1340 4137; x_wconf 84' lang='lat'><strong>93)</strong></span> <span class='ocrx_word' id='word_1_338' title='bbox 1358 4089 1396 4125; x_wconf 87' lang='lat' dir='ltr'><strong>ss·</strong></span> 
     </span>
     <span class='ocr_line' id='line_1_38' title="bbox 296 4157 1396 4222; baseline 0 -14"><span class='ocrx_word' id='word_1_339' title='bbox 296 4165 409 4209; x_wconf 75' lang='lat' dir='ltr'><strong>asveretc</strong></span> <span class='ocrx_word' id='word_1_340' title='bbox 428 4159 472 4221; x_wconf 91' lang='lat' dir='ltr'><strong>„It</strong></span> <span class='ocrx_word' id='word_1_341' title='bbox 489 4159 511 4210; x_wconf 84' lang='lat' dir='ltr'><strong>is</strong></span> <span class='ocrx_word' id='word_1_342' title='bbox 528 4158 670 4221; x_wconf 86' lang='lat' dir='ltr'><strong>remarket,</strong></span> <span class='ocrx_word' id='word_1_343' title='bbox 687 4157 742 4208; x_wconf 89' lang='lat' dir='ltr'><strong>that</strong></span> <span class='ocrx_word' id='word_1_344' title='bbox 759 4159 803 4208; x_wconf 86' lang='lat' dir='ltr'><strong>the</strong></span> <span class='ocrx_word' id='word_1_345' title='bbox 814 4159 953 4220; x_wconf 80' lang='lat' dir='ltr'><strong>Assyriam</strong></span> <span class='ocrx_word' id='word_1_346' title='bbox 965 4158 1030 4208; x_wconf 84' lang='lat' dir='ltr'><strong>have</strong></span> <span class='ocrx_word' id='word_1_347' title='bbox 1045 4167 1091 4210; x_wconf 88' lang='lat' dir='ltr'><strong>not</strong></span> <span class='ocrx_word' id='word_1_348' title='bbox 1103 4168 1143 4210; x_wconf 86' lang='lat' dir='ltr'><strong>set</strong></span> <span class='ocrx_word' id='word_1_349' title='bbox 1155 4161 1201 4209; x_wconf 83' lang='lat' dir='ltr'><strong>lire</strong></span> <span class='ocrx_word' id='word_1_350' title='bbox 1218 4167 1246 4209; x_wconf 91' lang='lat' dir='ltr'><strong>to</strong></span> <span class='ocrx_word' id='word_1_351' title='bbox 1263 4159 1307 4208; x_wconf 91' lang='lat' dir='ltr'><strong>the</strong></span> <span class='ocrx_word' id='word_1_352' title='bbox 1324 4164 1396 4222; x_wconf 83' lang='lat' dir='ltr'><strong>gates</strong></span> 
     </span>
    </p>
   </div>
   <div class='ocr_carea' id='block_1_4' title="bbox 294 4241 1397 4390">
    <p class='ocr_par' dir='ltr' id='par_1_5' title="bbox 294 4241 1397 4390">
     <span class='ocr_line' id='line_1_39' title="bbox 294 4241 1397 4308; baseline 0 -16"><span class='ocrx_word' id='word_1_353' title='bbox 294 4241 391 4294; x_wconf 76' lang='lat' dir='ltr'><strong>cithia</strong></span> <span class='ocrx_word' id='word_1_354' title='bbox 408 4243 473 4307; x_wconf 77' lang='lat' dir='ltr'><strong>city,</strong></span> <span class='ocrx_word' id='word_1_355' title='bbox 497 4255 526 4294; x_wconf 87' lang='lat' dir='ltr'><strong>ss</strong></span> <span class='ocrx_word' id='word_1_356' title='bbox 544 4242 671 4308; x_wconf 82' lang='lat' dir='ltr'><strong>appeared</strong></span> <span class='ocrx_word' id='word_1_357' title='bbox 688 4249 716 4293; x_wconf 91' lang='lat' dir='ltr'><strong>to</strong></span> <span class='ocrx_word' id='word_1_358' title='bbox 733 4243 765 4293; x_wconf 87' lang='lat' dir='ltr'><strong>be</strong></span> <span class='ocrx_word' id='word_1_359' title='bbox 782 4242 849 4294; x_wconf 87' lang='lat' dir='ltr'><strong>their</strong></span> <span class='ocrx_word' id='word_1_360' title='bbox 865 4243 939 4294; x_wconf 87' lang='lat' dir='ltr'><strong>usual</strong></span> <span class='ocrx_word' id='word_1_361' title='bbox 955 4245 1067 4306; x_wconf 82' lang='lat' dir='ltr'><strong>practice</strong></span> <span class='ocrx_word' id='word_1_362' title='bbox 1084 4247 1112 4296; x_wconf 88' lang='lat' dir='ltr'><strong>in</strong></span> <span class='ocrx_word' id='word_1_363' title='bbox 1130 4243 1263 4308; x_wconf 74' lang='lat' dir='ltr'><strong>attscking</strong></span> <span class='ocrx_word' id='word_1_364' title='bbox 1283 4257 1300 4292; x_wconf 91' lang='lat' dir='ltr'><strong>a</strong></span> <span class='ocrx_word' id='word_1_365' title='bbox 1322 4242 1397 4293; x_wconf 85' lang='lat' dir='ltr'><strong>torti·</strong></span> 
     </span>
     <span class='ocr_line' id='line_1_40' title="bbox 294 4325 460 4390; baseline 0 -16"><span class='ocrx_word' id='word_1_366' title='bbox 294 4325 346 4375; x_wconf 81' lang='lat' dir='ltr'><strong>ned</strong></span> <span class='ocrx_word' id='word_1_367' title='bbox 362 4325 460 4390; x_wconf 86' lang='lat' dir='ltr'><strong>place.“</strong></span> 
     </span>
    </p>
   </div>
   <div class='ocr_carea' id='block_1_5' title="bbox 0 0 1570 5002">
    <p class='ocr_par' dir='ltr' id='par_1_6' title="bbox 0 0 1570 5002">
     <span class='ocr_line' id='line_1_41' title="bbox 0 0 1570 5002; baseline 0 0"><span class='ocrx_word' id='word_1_368' title='bbox 0 0 1570 5002; x_wconf 95' lang='lat' dir='ltr'><strong> </strong></span> 
     </span>
    </p>
   </div>
  </div>
 </body>
</html>
