3124 4988
539 321 565 398 ξ.
586 325 610 381 l.
638 321 687 380 Du
704 337 823 380 nonius
841 320 982 384 Ninum.
1277 338 1314 380 111

210 507 337 579 tuimus,
356 504 521 564 Onsrnu11¹
538 505 637 563 verbis
655 505 732 563 ratio
750 505 792 562 rei
810 505 922 580 optime
945 504 1125 563 illustratur:
1153 505 1218 576 „Zu
1235 506 1313 564 allen

209 607 312 664 Zeiten
329 607 387 682 gab
406 625 438 664 es
460 606 490 662 in
512 605 606 664 Israel
630 605 761 662 zahilose
778 605 947 680 Personen,
973 605 1021 662 die
1044 605 1073 662 in
1096 605 1178 662 ihren
1196 603 1314 664 Namen

209 707 258 764 fur
275 707 338 766 sieh
356 706 450 764 selbst
465 705 526 762 und
543 705 607 763 ihre
624 705 868 781 Volksgenossen
889 705 954 763 eine
971 705 1232 763 immerwshrende
1249 725 1313 762 um-

210 806 438 864 herwandeInde
454 805 578 880 Predigt
594 824 696 863 waren
713 825 773 864 von
791 805 857 863 dem
874 806 1038 864 herrlichen
1052 806 1162 864 Wesen
1179 806 1240 862 und
1257 806 1313 863 den

210 921 335 984 grossen
352 905 468 963 Thaten
484 905 663 977 Jehovah’s,
681 905 760 964 ihres
779 904 903 978 Gottes,
922 925 956 965 so
975 907 1031 964 wie
1050 906 1165 978 dauon,
1184 905 1241 964 wie
1258 906 1313 965 das

210 1007 293 1064 Hera
309 1025 345 1062 au
362 1005 422 1062 ihm
440 1006 541 1064 stehen
559 1006 620 1063 und
638 1025 701 1064 was
719 1025 787 1064 man
806 1026 865 1065 von
879 1006 940 1064 ihm
959 1009 1076 1066 erbeten
1091 1007 1152 1064 und
1168 1013 1313 1064 erwarten

211 1107 329 1165 sollte.“
349 1105 436 1180 Quod
454 1106 505 1164 ubi
523 1106 561 1163 ad
579 1116 713 1166 nostrum
730 1126 838 1164 nomen
856 1107 1042 1180 transfertur,
1060 1107 1129 1165 licet
1140 1106 1214 1166 sutis
1227 1126 1313 1182 prae-

211 1207 320 1264 clarum
337 1208 481 1282 praebeat
498 1225 631 1280 sensum,
650 1208 753 1283 negari
770 1217 868 1265 tamen
887 1207 1006 1284 nequit,
1034 1208 1071 1265 de
1087 1207 1124 1266 iis
1141 1207 1242 1283 potius
1259 1227 1312 1264 no-

210 1307 337 1366 minibus
363 1307 477 1379 volere,
509 1327 586 1384 quae
615 1327 679 1365 cum
704 1328 733 1366 r.
757 1324 791 1366 ru
824 1308 990 1384 composita
1013 1317 1096 1380 sunt,
1125 1316 1215 1384 atque
1237 1307 1312 1365 odeo

211 1407 311 1484 aptius
327 1407 461 1464 adhiberi
479 1407 508 1465 in
528 1408 705 1484 explicando
722 1429 750 1467 v.
776 1424 886 1480 niun),
912 1427 1002 1484 quam
1027 1408 1153 1484 simplici
1175 1429 1203 1467 v.
1229 1423 1312 1474 nius.

212 1508 327 1582 Quare,
346 1507 372 1566 si
385 1508 424 1566 ad
440 1508 568 1567 hominis
581 1509 682 1584 potius
695 1517 785 1586 atque
798 1509 874 1568 vatis
887 1509 1070 1566 referendum
1085 1514 1221 1566 naturam
1231 1508 1313 1566 vide·

211 1617 259 1668 tur
275 1641 312 1652 --
330 1607 387 1666 nisi
403 1608 482 1665 forte
499 1627 606 1666 nomen
623 1627 715 1684 puero
733 1629 752 1667 a
768 1610 941 1684 parentibus
966 1619 1074 1667 temere
1100 1629 1153 1666 uec
1169 1609 1231 1667 ulla
1248 1627 1313 1667 sen-

212 1727 262 1768 sus
279 1708 395 1765 ratione
412 1707 515 1766 habita
531 1708 703 1783 impositum
722 1727 786 1766 esse
803 1691 966 1784 putandum
990 1717 1048 1780 est,
1073 1727 1132 1786 quo
1156 1709 1187 1766 in
1209 1727 1315 1784 genere

211 1807 1314 1884 affirmarinihilpotest—existimabimusNahumiforsanparentsslsrae-

212 1905 311 1979 litas²,
329 1927 394 1965 cum
412 1925 533 1984 reguum
550 1908 797 1984 Ephraimiticum
815 1909 955 1985 gravibus
972 1909 1070 1986 plagis
1088 1908 1126 1966 ad
1139 1908 1314 1970 internecio·

211 2027 389 2085 nemusque
411 2017 629 2082 concuteretur,
654 2010 814 2068 constituto
838 2009 961 2069 infantis
985 2025 1087 2068 recens
1110 2009 1173 2067 nati
1198 2009 1315 2067 nomine

212 2108 320 2168 similia
341 2127 529 2184 nuncupasse
550 2119 637 2183 rota,
669 2111 769 2187 qualia
792 2111 862 2169 fecit
882 2111 1026 2184 Lamech,
1057 2129 1122 2168 cum
1145 2118 1315 2168 nasceretur

211 2208 334 2282 Noach,
358 2208 434 2268 Gen.
451 2210 489 2282 V,
507 2214 550 2268 29.
582 2209 739 2287 Utcunque
764 2219 822 2284 est,
847 2212 1035 2288 praesagium
1053 2210 1181 2268 nominis
1198 2209 1315 2285 egregie

212 2311 319 2370 evenit.
349 2309 488 2367 Nahumo
512 2310 589 2368 enirn
612 2311 752 2386 contigit,
781 2320 815 2370 ut
836 2312 1034 2386 potentissimi
1062 2310 1158 2368 hostis
1182 2309 1315 2367 funditus

213 2409 362 2467 evertendi
386 2410 499 2484 species
523 2429 578 2485 per
591 2402 743 2469 'visionem
768 2411 908 2470 divinitus
926 2411 1085 2469 excitatam
1104 2411 1130 2468 ei
1148 2410 1313 2481 offerretur,

213 2510 291 2568 unde
314 2527 429 2568 summo
454 2508 519 2584 ipse
541 2510 664 2569 affectus
689 2511 797 2570 solatio
820 2511 946 2570 Iudaeos
969 2511 1056 2570 simul
1079 2511 1219 2568 Msnasse
1245 2525 1316 2585 rege

213 2629 267 2669 suo
290 2610 440 2686 privatos,
471 2610 630 2685 perniciem
655 2621 745 2688 atque
769 2611 892 2670 exitium
915 2613 953 2671 ab
977 2611 1113 2688 Assyriis
1142 2618 1314 2681 metuentes,

213 2711 432 2783 consolaretur3
459 2729 512 2768 nec
529 2730 581 2770 eos
598 2712 711 2785 solum,
736 2731 837 2772 verum
857 2732 959 2772 omues
982 2710 1103 2770 omnino
1121 2709 1205 2786 regni
1223 2707 1315 2767 divini

204 2811 307 2884 cives,
332 2811 383 2888 qui
406 2811 531 2870 seculari
548 2819 696 2888 potestate
718 2833 849 2891 unquam
865 2813 965 2872 forent
982 2811 1118 2889 oppressi
1141 2819 1232 2887 atque
1248 2829 1315 2886 pes·

213 2911 350 2970 sumdati.
376 2913 423 2970 Ac
439 2912 508 2970 licet
525 2912 563 2970 ad
584 2913 734 2971 notionem
753 2913 881 2972 nominis
892 2913 974 2972 hunc
983 2914 1014 2971 iu
1030 2913 1150 2970 modum
1163 2910 1315 2987 explican-

212 3013 298 3084 dum,
322 3011 373 3070 ubi
390 3012 506 3070 initium
524 3014 699 3088 praesertim
717 3013 786 3072 libri
804 3023 985 3090 spectamus,
1013 3014 1109 3088 magis
1125 3013 1232 3070 idonea
1250 3027 1315 3069 esse

212 3111 354 3188 cogitatio
370 3112 476 3170 ultoris
493 3112 644 3172 videatur:
669 3113 765 3172 altera
781 3123 880 3171 tamen
897 3115 950 3172 ilia
967 3122 999 3172 et
1012 3112 1195 3188 praeclarior
1218 3118 1263 3169 est
1287 3117 1316 3168 et

212 3211 403 3282 cumulatior3
432 3213 582 3283 ,hostium
606 3213 682 3270 enim
709 3213 853 3285 deletio,“
877 3222 912 3272 ut
933 3214 957 3270 Ι.
983 3212 1023 3270 Η.
1049 3213 1225 3269 Misus-uum
1247 3217 1316 3268 utar

212 3312 326 3384 verbis,
345 3310 507 3383 „ecclesiae
524 3320 571 3370 est
587 3313 783 3371 consolatio.“

265 3571 290 3634 l)
307 3573 395 3623 Ueber
411 3572 500 3623 Micha
517 3571 568 3622 den
586 3571 758 3622 Morssthitcn
776 3589 800 3636 p.
811 3573 851 3622 19.

264 3655 290 3717 2)
307 3656 360 3706 Cir.
378 3655 400 3719 ξ.
413 3660 436 3706 2.
923 3651 925 3658 ’

264 3739 291 3801 3)
309 3739 362 3790 Ofr'.
380 3739 491 3790 Cissim
506 3740 569 3806 ibici.
588 3747 642 3790 not.
660 3741 707 3790 20:
730 3737 816 3802 „led
838 3739 942 3788 fixirten
964 3739 1073 3790 fromms
1090 3739 1179 3790 Eltern
1204 3739 1316 3789 Lebens-

215 3825 400 3887 ersahruugen,
418 3825 465 3875 uiis
490 3827 527 3876 sie
544 3825 688 3890 uberhaupt
711 3823 775 3880 oder
797 3823 876 3888 grude
901 3824 966 3873 eben
988 3823 1106 3890 gemacht
1127 3826 1229 3885 hatten,
1253 3823 1317 3873 oder

213 3911 291 3962 ihueu
308 3908 429 3970 wiehtige
446 3909 616 3960 Wahrheiten
639 3910 682 3962 fur
704 3910 758 3961 sich
781 3909 834 3958 und
856 3908 912 3958 ihre
928 3908 1029 3960 Kindsr
1049 3909 1129 3961 durch
1146 3909 1188 3960 die
1204 3907 1317 3967 Numen,

215 3995 256 4048 die
280 3995 317 4044 sie
341 3993 420 4042 ihneu
442 3993 540 4056 geben,
622 3994 683 4044 bold
705 3995 791 4058 legten
813 3995 850 4044 sie
868 3993 1013 4054 Winsche,
1037 3993 1149 4056 Gcbete,
1174 3992 1316 4044 Gluubsns·

214 4079 372 4144 hoffuungeu
389 4079 432 4127 fiir
449 4077 626 4146 disselbenin
644 4079 724 4128 ihrem
742 4079 845 4128 Numen
862 4076 960 4138 nieder,
978 4078 1019 4126 die
1040 4077 1086 4126 der
1102 4078 1170 4126 Herr
1188 4076 1226 4126 oft
1243 4076 1316 4138 glin-

214 4161 279 4212 zend
297 4147 397 4214 erfilltc
415 4163 468 4212 und
484 4149 602 4210 uaduroh'
617 4162 645 4210 in
662 4163 868 4228 Weissugungen
887 4161 1074 4222 verwundelte,
1091 4161 1141 4210 ct.“

1089 4326 1122 4378 ι*
