3124 4988
289 335 362 378 nxvr
621 317 863 374 Paoaaoonrann.
890 315 961 374 Car.
981 315 1035 372 ΙΙΙ.

289 504 375 562 nibus
399 511 427 558 et
445 499 556 580 divitiis
574 501 710 559 evacuari
727 500 870 576 conspicit
892 521 920 558 v.
939 503 1047 572 6-11,
1071 507 1160 574 atque
1178 497 1253 555 adeo
1276 499 1389 574 magni-

288 601 505 662 ficentissimam
524 603 623 660 urbem
643 602 820 660 destructam
837 601 933 659 iacere
950 609 1040 678 atque
1058 599 1221 658 desolatam
1239 619 1266 657 v.
1283 604 1387 659 12-14.

288 707 389 780 Atque
404 702 435 759 in
452 721 487 759 ea
504 702 602 776 specie
619 703 811 760 describenda
835 703 877 760 ita
893 711 1043 772 versatur,
1068 708 1115 771 ut,
1141 700 1388 776 quemadmodum

288 803 375 879 primi
392 801 498 878 capitis
514 802 599 859 initio
616 803 655 860 ad
671 803 782 860 fontem
800 803 899 860 iudicii
922 813 951 859 et
974 802 1196 858 fundamentum
1220 801 1320 859 omnia
1342 822 1388 858 re-

289 903 425 973 vocavit,
443 902 485 959 ita
502 904 588 960 finem
607 903 654 959 hio
670 903 877 978 praestitutum
895 904 1056 977 praefigat,
1075 920 1153 976 quo,
1173 921 1249 976 quae
1262 920 1388 977 sequan-

288 1012 345 1074 tur,
365 1002 424 1060 sint
440 1002 609 1060 referenda:
636 1003 756 1061 Israelis
779 1003 855 1060 enim
879 1002 1049 1060 liberandae
1066 1020 1172 1060 caussa
1189 1010 1273 1059 tanta
1290 1003 1388 1060 clades

288 1103 430 1179 infligitur
453 1103 603 1178 Assyriis,
630 1103 680 1179 qui
703 1103 815 1164 frustra
836 1104 1038 1180 refragantur,
1064 1121 1129 1159 cum
1152 1101 1216 1176 ipse
1240 1101 1388 1161 Dominus

289 1202 400 1262 scelera
417 1219 488 1277 erga
504 1212 620 1277 gentem
638 1221 721 1261 suam
739 1204 897 1262 commissa
914 1203 953 1261 sit
969 1203 1094 1261 ulturus.

338 1302 415 1360 Tum
429 1321 517 1373 vero,
536 1301 641 1362 defixis
658 1303 689 1360 in
702 1312 831 1362 atrocem
845 1303 1001 1379 imaginem
1015 1302 1124 1378 ingenii
1138 1301 1247 1373 oculis,
1267 1321 1387 1361 caussas

288 1401 415 1477 primum
438 1402 538 1474 affert,
567 1404 644 1460 unde
671 1404 819 1462 excidium
843 1404 924 1462 urbis
947 1403 1136 1478 repetendum
1164 1403 1217 1473 sit,
1248 1421 1311 1478 cap.
1332 1403 1386 1470 ΙΙΙ,

289 1522 317 1559 v.
334 1507 399 1560 1-7.
424 1502 504 1560 Fieri
522 1503 598 1560 enim
616 1503 733 1580 nequit,
751 1505 822 1580 quin
840 1513 937 1562 truces
955 1503 1053 1561 sicarii
1071 1503 1245 1574 caedantur,
1264 1523 1292 1560 v.
1310 1507 1386 1574 1-3,

289 1603 428 1660 meretrix
446 1611 558 1674 autem,
578 1623 655 1680 quae
672 1604 841 1682 praestigiis
859 1605 920 1663 suis
938 1614 1039 1680 gentes
1057 1603 1202 1679 perdidit,
1227 1603 1388 1678 ignominia

288 1710 318 1759 et
334 1712 411 1760 tetra
427 1703 624 1762 denudatione
632 1705 880 1779 puniaturv.4—7.
891 1683 941 1762 dc
954 1725 991 1761 ne
1003 1704 1069 1781 quis
1088 1704 1288 1763 concludendo
1306 1704 1387 1761 illam

288 1802 401 1860 cladem
419 1803 523 1862 coniici
547 1813 577 1862 et
599 1813 659 1864 tam
676 1815 826 1880 potentem
842 1815 958 1881 gentem
976 1805 1055 1863 haud
1072 1805 1115 1864 ita
1136 1804 1223 1862 facile
1247 1805 1387 1862 debellari

289 1902 441 1977 opinetur,
464 1904 635 1964 Thebarum
657 1907 794 1982 exemplo
817 1906 973 1982 proposito
997 1925 1024 1964 v.
1039 1910 1142 1977 8-10,
1167 1905 1310 1976 ostendit,
1334 1906 1387 1964 ho·

288 2003 491 2060 manculorum
513 2005 663 2080 praesidia
687 2014 716 2064 et
742 2005 944 2064 fortitudinem
967 2005 1097 2064 Domino
1127 2006 1303 2064 adversante
1332 2025 1387 2080 pro

288 2099 380 2158 nihilo
396 2119 462 2162 esse
478 2121 506 2160 v.
523 2107 633 2160 11-1a
658 2105 737 2178 Imo,
763 2113 875 2183 quanto
898 2106 1033 2180 potentia
1050 2105 1094 2164 illi
1117 2115 1147 2163 et
1165 2105 1271 2181 opibus
1289 2115 1318 2166 et
1334 2126 1387 2164 nu-

287 2219 369 2268 mero
387 2201 542 2262 videantur
558 2203 687 2278 pollere,
712 2213 795 2264 tanto
817 2206 1033 2266 immensiorem
1052 2214 1194 2283 tantoque
1212 2207 1386 2290 atrociorem

287 2301 352 2358 fore
368 2302 481 2362 cladem
504 2304 647 2378 praedicit
668 2325 696 2363 v.
713 2311 826 2378 14-17,
851 2308 894 2366 ita
918 2315 950 2366 ut
969 2307 1007 2364 ob
1027 2307 1131 2383 ingens
1149 2307 1302 2382 imperium
1319 2308 1386 2364 fun-

287 2401 366 2460 ditus
382 2402 509 2462 deletum
526 2405 693 2466 universum
711 2408 869 2466 humanum
888 2426 980 2484 genus
998 2408 1127 2466 exsultet
1146 2417 1236 2483 atque
1253 2409 1386 2478 laetetur,

286 2520 315 2559 v.
336 2505 375 2559 18.
396 2507 436 2561 19.
878 2529 880 2534 ·

354 2601 438 2675 Quae
460 2622 524 2662 cum
547 2605 590 2663 ita
616 2606 688 2679 sint,
710 2627 797 2666 unam
822 2626 945 2684 eamque
969 2608 1114 2686 integram
1140 2608 1305 2668 orationem
1322 2617 1387 2667 toto

208 2781 210 2785 ,
285 2700 363 2762 libro
381 2704 587 2778 comprehendi
605 2706 813 2782 intelligimus,
833 2709 1080 2782 quemadmodum
1098 2710 1233 2786 praefixa
1249 2709 1280 2768 in
1299 2709 1385 2767 titulo

286 2800 377 2857 verba
395 2801 521 2861 dilucide
537 2813 663 2864 monent.
689 2805 795 2883 Neque
812 2827 882 2872 vero
895 2810 1027 2870 hlwnaor
1045 2810 1196 2888 sequenda
1212 2810 1288 2868 ratio
1306 2809 1387 2868 vide·

212 2919 214 2924 ¹
286 2907 344 2971 tur,
363 2900 414 2976 qui
431 2901 474 2960 ita
491 2912 696 2977 argumentum
715 2906 883 2981 distribuit,
902 2919 935 2968 ut
952 2920 1020 2970 octo
1037 2911 1192 2986 particulis
1205 2911 1312 2986 quinos
1325 2911 1387 2968 fere

286 3017 390 3060 versus
407 3002 624 3063 continentibus
646 3006 818 3066 vaticinium
841 3009 958 3068 absolvi
983 3011 1151 3083 existimet3
1183 3029 1236 3069 neo
1258 3011 1386 3085 primum

284 3097 406 3159 alterius
424 3102 530 3178 capitis
547 3106 729 3166 enuntiatum
746 3108 843 3183 primo
861 3111 951 3186 capiti
969 3112 1133 3170 addendum
1152 3128 1321 3184 censemus,
1339 3113 1383 3170 uti

285 3218 301 3256 e
318 3201 466 3262 veteribus
484 3222 544 3262 non
561 3207 664 3280 paucis
680 3208 791 3283 placuit
797 3229 806 3280 ;
830 3210 937 3270 idonea
960 3213 1038 3270 enim
1056 3212 1264 3272 sententiarum
1283 3213 1384 3287 dispo-

283 3299 366 3373 sitio,
387 3321 476 3378 quam
492 3306 684 3380 proposuisse
700 3310 788 3368 nobis
805 3311 953 3385 videmur,
971 3314 1101 3394 externis
1116 3313 1204 3372 etiam
1218 3313 1297 3372 notis
1312 3330 1383 3370 oon-

283 3399 431 3473 firmatur,
459 3405 605 3479 equibus
627 3417 746 3482 praeter
769 3409 948 3470 simillimam
972 3431 1012 3472 co.
1031 3412 1047 3470 I
1069 3421 1099 3471 et
1123 3413 1155 3470 ΙΙ
1180 3413 1383 3471 oeconomiam

282 3496 322 3571 (5.
340 3503 366 3557 5.
384 3503 417 3573 33
434 3505 460 3560 h.
480 3507 504 3562 6.
522 3505 564 3580 3.)
586 3523 676 3564 unum
693 3507 767 3568 illud
784 3511 934 3572 afferimus
958 3529 1015 3578 'riv
1035 3527 1100 3573 »Ἴτ’
1122 3506 1161 3574 reb
1179 3512 1208 3582 I,
1229 3518 1277 3585 14,
1303 3513 1384 3588 quod

173 3678 183 3692 ἱ
283 3607 404 3658 resonat
420 3601 481 3660 fere
498 3601 529 3662 in
547 3623 594 3662 vv·
613 3620 669 3670 tw
689 3622 774 3668 vnit*
797 3605 836 3673 reb
857 3611 888 3670 11
895 3655 903 3684 ,
924 3617 964 3670 14.

573 3851 599 3927 a.
617 3857 642 3910 τ.
668 3865 716 3917 na
734 3869 871 3923 rancun
890 3873 1077 3928 varrcmn.

331 3991 420 4066 Quod
437 3995 463 4054 ai
479 3996 597 4060 ludaeis
613 4001 818 4066 liberationem
836 4012 873 4070 ab
891 4013 1027 4089 Assyriis
1044 4014 1190 4087 futuram,
1214 4015 1260 4074 his
1283 4021 1381 4074 autem

279 4091 427 4203 iuteritum
444 4115 539 4174 prope
555 4099 713 4164 instantem
731 4106 858 4170 vidimus
876 4112 1021 4187 mandari,
1039 4116 1210 4190 praeclarae
1226 4115 1286 4174 iarn
1304 4115 1380 4174 vati·

278 4191 421 4252 emiorum
444 4198 482 4255 ab
506 4199 573 4259 aliis
598 4214 687 4262 antea
710 4207 853 4267 editomm
872 4230 1000 4272 coronae
1017 4216 1163 4273 cumulum
1181 4215 1268 4273 adiici
1286 4233 1380 4290 appa·

278 4300 330 4348 ret.
362 4293 418 4353 Est
434 4296 510 4355 enim
528 4318 680 4360 commune
703 4305 776 4363 illud
794 4318 911 4385 vatum,
936 4315 986 4390 qui
1011 4333 1065 4388 per
1081 4315 1256 4392 Assyriam,
1289 4333 1379 4390 quam
