<?xml version="1.0" encoding="UTF-8"?>
<!DOCTYPE html PUBLIC "-//W3C//DTD XHTML 1.0 Transitional//EN"
    "http://www.w3.org/TR/xhtml1/DTD/xhtml1-transitional.dtd">
<html xmlns="http://www.w3.org/1999/xhtml" xml:lang="en" lang="en">
 <head>
  <title>
</title>
<meta http-equiv="Content-Type" content="text/html;charset=utf-8" />
  <meta name='ocr-system' content='tesseract 3.04.00' />
  <meta name='ocr-capabilities' content='ocr_page ocr_carea ocr_par ocr_line ocrx_word'/>
</head>
<body>
  <div class='ocr_page' id='page_1' title='image "./nahumideninovat03stragoog/nahumideninovat03stragoog_0051.png"; bbox 0 0 3124 4988; ppageno 0'>
   <div class='ocr_carea' id='block_1_1' title="bbox 493 321 1346 400">
    <p class='ocr_par' dir='ltr' id='par_1_1' title="bbox 493 321 1346 400">
     <span class='ocr_line' id='line_1_1' title="bbox 493 321 1346 400; baseline -0.008 -19"><span class='ocrx_word' id='word_1_1' title='bbox 493 324 518 400; x_wconf 58' lang='grc' dir='ltr'><strong>ᾗ.</strong></span> <span class='ocrx_word' id='word_1_2' title='bbox 536 327 561 382; x_wconf 85' lang='lat'><strong>5.</strong></span> <span class='ocrx_word' id='word_1_3' title='bbox 587 323 638 381; x_wconf 87' lang='lat' dir='ltr'><strong>Du</strong></span> <span class='ocrx_word' id='word_1_4' title='bbox 656 335 754 381; x_wconf 80' lang='lat' dir='ltr'><strong>uenus</strong></span> <span class='ocrx_word' id='word_1_5' title='bbox 772 321 983 378; x_wconf 82' lang='lat' dir='ltr'><strong>Assrmonuu.</strong></span> <span class='ocrx_word' id='word_1_6' title='bbox 1239 333 1294 375; x_wconf 84' lang='lat' dir='ltr'><strong>xur</strong></span> <span class='ocrx_word' id='word_1_7' title='bbox 1344 343 1346 348; x_wconf 96' lang='lat'>·</span> 
     </span>
    </p>
   </div>
   <div class='ocr_carea' id='block_1_2' title="bbox 191 501 1297 1185">
    <p class='ocr_par' dir='ltr' id='par_1_2' title="bbox 193 501 1295 684">
     <span class='ocr_line' id='line_1_2' title="bbox 193 501 1295 584; baseline -0.007 -18"><span class='ocrx_word' id='word_1_8' title='bbox 193 507 346 579; x_wconf 88' lang='lat' dir='ltr'><strong>stinctum,</strong></span> <span class='ocrx_word' id='word_1_9' title='bbox 375 509 451 566; x_wconf 87' lang='lat' dir='ltr'><strong>hanc</strong></span> <span class='ocrx_word' id='word_1_10' title='bbox 478 506 570 584; x_wconf 89' lang='lat' dir='ltr'><strong>igitur</strong></span> <span class='ocrx_word' id='word_1_11' title='bbox 592 504 767 564; x_wconf 82' lang='lat' dir='ltr'><strong>sententiam</strong></span> <span class='ocrx_word' id='word_1_12' title='bbox 784 502 1024 562; x_wconf 69' lang='lat' dir='ltr'><strong>luculentissimis</strong></span> <span class='ocrx_word' id='word_1_13' title='bbox 1042 501 1223 577; x_wconf 77' lang='lat' dir='ltr'><strong>argumentis</strong></span> <span class='ocrx_word' id='word_1_14' title='bbox 1242 501 1295 558; x_wconf 89' lang='lat' dir='ltr'><strong>du·</strong></span> 
     </span>
     <span class='ocr_line' id='line_1_3' title="bbox 193 605 627 684; baseline -0.005 -20"><span class='ocrx_word' id='word_1_15' title='bbox 193 607 262 664; x_wconf 90' lang='lat' dir='ltr'><strong>dum</strong></span> <span class='ocrx_word' id='word_1_16' title='bbox 280 626 425 684; x_wconf 79' lang='lat' dir='ltr'><strong>apparere</strong></span> <span class='ocrx_word' id='word_1_17' title='bbox 441 607 600 666; x_wconf 85' lang='lat' dir='ltr'><strong>refutatam</strong></span> <span class='ocrx_word' id='word_1_18' title='bbox 610 605 627 662; x_wconf 86' lang='lat'><strong>¹.</strong></span> 
     </span>
    </p>

    <p class='ocr_par' dir='ltr' id='par_1_3' title="bbox 191 695 1297 1185">
     <span class='ocr_line' id='line_1_4' title="bbox 260 695 1296 782; baseline -0.003 -18"><span class='ocrx_word' id='word_1_19' title='bbox 260 706 324 766; x_wconf 84' lang='lat' dir='ltr'><strong>Ium</strong></span> <span class='ocrx_word' id='word_1_20' title='bbox 341 717 375 766; x_wconf 91' lang='lat' dir='ltr'><strong>nt</strong></span> <span class='ocrx_word' id='word_1_21' title='bbox 390 708 428 765; x_wconf 84' lang='lat' dir='ltr'><strong>ad</strong></span> <span class='ocrx_word' id='word_1_22' title='bbox 446 706 543 782; x_wconf 86' lang='lat' dir='ltr'><strong>prima</strong></span> <span class='ocrx_word' id='word_1_23' title='bbox 559 705 753 782; x_wconf 84' lang='lat' dir='ltr'><strong>Assyriorum</strong></span> <span class='ocrx_word' id='word_1_24' title='bbox 769 695 856 763; x_wconf 87' lang='lat' dir='ltr'><strong>initia</strong></span> <span class='ocrx_word' id='word_1_25' title='bbox 873 703 1046 775; x_wconf 83' lang='lat' dir='ltr'><strong>redeamus,</strong></span> <span class='ocrx_word' id='word_1_26' title='bbox 1065 701 1209 778; x_wconf 85' lang='lat' dir='ltr'><strong>originem</strong></span> <span class='ocrx_word' id='word_1_27' title='bbox 1226 719 1296 779; x_wconf 84' lang='lat' dir='ltr'><strong>gen-</strong></span> 
     </span>
     <span class='ocr_line' id='line_1_5' title="bbox 192 803 1297 879; baseline -0.005 -14"><span class='ocrx_word' id='word_1_28' title='bbox 192 808 231 866; x_wconf 88' lang='lat' dir='ltr'><strong>tis</strong></span> <span class='ocrx_word' id='word_1_29' title='bbox 249 808 286 865; x_wconf 85' lang='lat' dir='ltr'><strong>nd</strong></span> <span class='ocrx_word' id='word_1_30' title='bbox 304 810 464 879; x_wconf 79' lang='lat' dir='ltr'><strong>Anserem,</strong></span> <span class='ocrx_word' id='word_1_31' title='bbox 491 806 616 864; x_wconf 83' lang='lat' dir='ltr'><strong>alterum</strong></span> <span class='ocrx_word' id='word_1_32' title='bbox 635 805 715 865; x_wconf 85' lang='lat' dir='ltr'><strong>Semi</strong></span> <span class='ocrx_word' id='word_1_33' title='bbox 731 805 841 876; x_wconf 80' lang='lat' dir='ltr'><strong>lilium,</strong></span> <span class='ocrx_word' id='word_1_34' title='bbox 864 804 1049 862; x_wconf 83' lang='lat' dir='ltr'><strong>referendam</strong></span> <span class='ocrx_word' id='word_1_35' title='bbox 1073 821 1138 862; x_wconf 88' lang='lat' dir='ltr'><strong>esse</strong></span> <span class='ocrx_word' id='word_1_36' title='bbox 1158 803 1297 862; x_wconf 86' lang='lat' dir='ltr'><strong>docemur</strong></span> 
     </span>
     <span class='ocr_line' id='line_1_6' title="bbox 193 903 1293 982; baseline -0.002 -17"><span class='ocrx_word' id='word_1_37' title='bbox 193 906 268 965; x_wconf 86' lang='lat' dir='ltr'><strong>Gen.</strong></span> <span class='ocrx_word' id='word_1_38' title='bbox 281 907 326 979; x_wconf 88' lang='lat' dir='ltr'><strong>X,</strong></span> <span class='ocrx_word' id='word_1_39' title='bbox 345 927 372 966; x_wconf 88' lang='lat' dir='ltr'><strong>v.</strong></span> <span class='ocrx_word' id='word_1_40' title='bbox 386 913 428 964; x_wconf 77' lang='lat'><strong>21.</strong></span> <span class='ocrx_word' id='word_1_41' title='bbox 452 906 566 965; x_wconf 87' lang='lat' dir='ltr'><strong>Ibidem</strong></span> <span class='ocrx_word' id='word_1_42' title='bbox 583 907 680 982; x_wconf 82' lang='lat' dir='ltr'><strong>prime</strong></span> <span class='ocrx_word' id='word_1_43' title='bbox 696 925 798 964; x_wconf 90' lang='lat' dir='ltr'><strong>eorum</strong></span> <span class='ocrx_word' id='word_1_44' title='bbox 817 907 879 964; x_wconf 86' lang='lat' dir='ltr'><strong>fate</strong></span> <span class='ocrx_word' id='word_1_45' title='bbox 897 903 1083 980; x_wconf 88' lang='lat' dir='ltr'><strong>reperiuntur</strong></span> <span class='ocrx_word' id='word_1_46' title='bbox 1108 903 1293 980; x_wconf 83' lang='lat' dir='ltr'><strong>consignata.</strong></span> 
     </span>
     <span class='ocr_line' id='line_1_7' title="bbox 191 1004 1295 1084; baseline -0.002 -20"><span class='ocrx_word' id='word_1_47' title='bbox 191 1007 330 1084; x_wconf 85' lang='lat' dir='ltr'><strong>Legimus</strong></span> <span class='ocrx_word' id='word_1_48' title='bbox 356 1011 432 1068; x_wconf 91' lang='lat' dir='ltr'><strong>enim</strong></span> <span class='ocrx_word' id='word_1_49' title='bbox 450 1029 477 1066; x_wconf 88' lang='lat' dir='ltr'><strong>v.</strong></span> <span class='ocrx_word' id='word_1_50' title='bbox 494 1012 542 1080; x_wconf 90' lang='lat'><strong>10,</strong></span> <span class='ocrx_word' id='word_1_51' title='bbox 569 1005 765 1080; x_wconf 87' lang='lat' dir='ltr'><strong>Nimrodum,</strong></span> <span class='ocrx_word' id='word_1_52' title='bbox 788 1014 986 1084; x_wconf 83' lang='lat' dir='ltr'><strong>posteaquam</strong></span> <span class='ocrx_word' id='word_1_53' title='bbox 1009 1005 1039 1062; x_wconf 91' lang='lat' dir='ltr'><strong>in</strong></span> <span class='ocrx_word' id='word_1_54' title='bbox 1056 1004 1226 1082; x_wconf 80' lang='lat' dir='ltr'><strong>Babylonia</strong></span> <span class='ocrx_word' id='word_1_55' title='bbox 1251 1025 1295 1062; x_wconf 91' lang='lat' dir='ltr'><strong>re·</strong></span> 
     </span>
     <span class='ocr_line' id='line_1_8' title="bbox 191 1105 1296 1185; baseline -0.004 -19"><span class='ocrx_word' id='word_1_56' title='bbox 191 1126 281 1184; x_wconf 87' lang='lat' dir='ltr'><strong>gnum</strong></span> <span class='ocrx_word' id='word_1_57' title='bbox 304 1109 482 1182; x_wconf 83' lang='lat' dir='ltr'><strong>condiderit,</strong></span> <span class='ocrx_word' id='word_1_58' title='bbox 506 1109 537 1166; x_wconf 87' lang='lat' dir='ltr'><strong>iu</strong></span> <span class='ocrx_word' id='word_1_59' title='bbox 555 1107 712 1185; x_wconf 78' lang='lat' dir='ltr'><strong>Assyriam</strong></span> <span class='ocrx_word' id='word_1_60' title='bbox 733 1107 899 1184; x_wconf 84' lang='lat' dir='ltr'><strong>profectum</strong></span> <span class='ocrx_word' id='word_1_61' title='bbox 912 1105 932 1180; x_wconf 80' lang='lat'><strong>²,</strong></span> <span class='ocrx_word' id='word_1_62' title='bbox 956 1105 1064 1164; x_wconf 89' lang='lat' dir='ltr'><strong>finibus</strong></span> <span class='ocrx_word' id='word_1_63' title='bbox 1087 1105 1203 1180; x_wconf 89' lang='lat' dir='ltr'><strong>imperii</strong></span> <span class='ocrx_word' id='word_1_64' title='bbox 1227 1125 1296 1181; x_wconf 94' lang='lat' dir='ltr'><strong>pro-</strong></span> 
     </span>
    </p>
   </div>
   <div class='ocr_carea' id='block_1_3' title="bbox 190 1316 1299 2814">
    <p class='ocr_par' dir='ltr' id='par_1_4' title="bbox 243 1316 878 1381">
     <span class='ocr_line' id='line_1_9' title="bbox 243 1316 878 1381; baseline 0 -15"><span class='ocrx_word' id='word_1_65' title='bbox 243 1317 268 1380; x_wconf 90' lang='lat'><strong>1)</strong></span> <span class='ocrx_word' id='word_1_66' title='bbox 285 1317 337 1367; x_wconf 83' lang='lat' dir='ltr'><strong>Ofr.</strong></span> <span class='ocrx_word' id='word_1_67' title='bbox 355 1319 481 1369; x_wconf 80' lang='lat' dir='ltr'><strong>Hereum.</strong></span> <span class='ocrx_word' id='word_1_68' title='bbox 500 1318 533 1368; x_wconf 88' lang='lat' dir='ltr'><strong>de</strong></span> <span class='ocrx_word' id='word_1_69' title='bbox 550 1316 621 1366; x_wconf 87' lang='lat' dir='ltr'><strong>rebb.</strong></span> <span class='ocrx_word' id='word_1_70' title='bbox 638 1316 743 1378; x_wconf 87' lang='lat' dir='ltr'><strong>Assyrr.</strong></span> <span class='ocrx_word' id='word_1_71' title='bbox 760 1333 785 1381; x_wconf 89' lang='lat' dir='ltr'><strong>p.</strong></span> <span class='ocrx_word' id='word_1_72' title='bbox 799 1319 831 1368; x_wconf 75' lang='grc'><strong>28</strong></span> <span class='ocrx_word' id='word_1_73' title='bbox 844 1331 878 1366; x_wconf 88' lang='lat' dir='ltr'><strong>se.</strong></span> 
     </span>
    </p>

    <p class='ocr_par' dir='ltr' id='par_1_5' title="bbox 190 1399 1299 2814">
     <span class='ocr_line' id='line_1_10' title="bbox 242 1399 1295 1471; baseline -0.002 -21"><span class='ocrx_word' id='word_1_74' title='bbox 242 1403 268 1464; x_wconf 76' lang='lat'><strong>2)</strong></span> <span class='ocrx_word' id='word_1_75' title='bbox 295 1411 339 1461; x_wconf 64' lang='lat' dir='ltr'><strong>ist</strong></span> <span class='ocrx_word' id='word_1_76' title='bbox 363 1409 418 1469; x_wconf 59' lang='lat' dir='ltr'><strong>tuit</strong></span> <span class='ocrx_word' id='word_1_77' title='bbox 441 1409 524 1460; x_wconf 51' lang='lat' dir='ltr'><strong>&#39;ruwet</strong></span> <span class='ocrx_word' id='word_1_78' title='bbox 547 1408 604 1454; x_wconf 65' lang='lat' dir='ltr'><strong>Mt*</strong></span> <span class='ocrx_word' id='word_1_79' title='bbox 626 1409 704 1452; x_wconf 66' lang='lat' dir='ltr'><strong>ttt&#39;ffi</strong></span> <span class='ocrx_word' id='word_1_80' title='bbox 728 1407 876 1471; x_wconf 54' lang='lat' dir='ltr'><strong>vuemo,</strong></span> <span class='ocrx_word' id='word_1_81' title='bbox 899 1407 1002 1450; x_wconf 84' lang='lat' dir='ltr'><strong>eterra</strong></span> <span class='ocrx_word' id='word_1_82' title='bbox 1018 1399 1065 1466; x_wconf 85' lang='lat' dir='ltr'><strong>illa</strong></span> <span class='ocrx_word' id='word_1_83' title='bbox 1081 1399 1146 1448; x_wconf 89' lang='lat' dir='ltr'><strong>exiit</strong></span> <span class='ocrx_word' id='word_1_84' title='bbox 1168 1399 1195 1448; x_wconf 92' lang='lat' dir='ltr'><strong>in</strong></span> <span class='ocrx_word' id='word_1_85' title='bbox 1213 1399 1295 1462; x_wconf 87' lang='lat' dir='ltr'><strong>Assy·</strong></span> 
     </span>
     <span class='ocr_line' id='line_1_11' title="bbox 191 1481 1295 1546; baseline -0.002 -12"><span class='ocrx_word' id='word_1_86' title='bbox 191 1487 256 1535; x_wconf 84' lang='lat' dir='ltr'><strong>riam</strong></span> <span class='ocrx_word' id='word_1_87' title='bbox 265 1493 290 1534; x_wconf 89' lang='lat' dir='ltr'><strong>et</strong></span> <span class='ocrx_word' id='word_1_88' title='bbox 301 1487 447 1536; x_wconf 74' lang='lat' dir='ltr'><strong>aedificavit</strong></span> <span class='ocrx_word' id='word_1_89' title='bbox 455 1487 503 1538; x_wconf 83' lang='lat' dir='ltr'><strong>et.“</strong></span> <span class='ocrx_word' id='word_1_90' title='bbox 515 1485 558 1536; x_wconf 87' lang='lat' dir='ltr'><strong>Sic</strong></span> <span class='ocrx_word' id='word_1_91' title='bbox 567 1486 648 1534; x_wconf 86' lang='lat' dir='ltr'><strong>verba</strong></span> <span class='ocrx_word' id='word_1_92' title='bbox 656 1499 712 1534; x_wconf 88' lang='lat' dir='ltr'><strong>esso</strong></span> <span class='ocrx_word' id='word_1_93' title='bbox 723 1483 855 1546; x_wconf 87' lang='lat' dir='ltr'><strong>vertenda,</strong></span> <span class='ocrx_word' id='word_1_94' title='bbox 867 1484 952 1545; x_wconf 76' lang='lat' dir='ltr'><strong>cuv,</strong></span> <span class='ocrx_word' id='word_1_95' title='bbox 965 1484 1056 1545; x_wconf 79' lang='lat' dir='ltr'><strong>Duce,</strong></span> <span class='ocrx_word' id='word_1_96' title='bbox 1073 1484 1163 1543; x_wconf 74' lang='lat' dir='ltr'><strong>Tuom,</strong></span> <span class='ocrx_word' id='word_1_97' title='bbox 1173 1481 1295 1544; x_wconf 79' lang='lat' dir='ltr'><strong>Knoeuu,</strong></span> 
     </span>
     <span class='ocr_line' id='line_1_12' title="bbox 190 1567 1295 1633; baseline -0.003 -14"><span class='ocrx_word' id='word_1_98' title='bbox 190 1570 337 1620; x_wconf 83' lang='lat' dir='ltr'><strong>Daurxscrr.</strong></span> <span class='ocrx_word' id='word_1_99' title='bbox 360 1573 453 1620; x_wconf 87' lang='lat' dir='ltr'><strong>secutis</strong></span> <span class='ocrx_word' id='word_1_100' title='bbox 477 1585 626 1633; x_wconf 88' lang='lat' dir='ltr'><strong>persuasum</strong></span> <span class='ocrx_word' id='word_1_101' title='bbox 653 1569 728 1618; x_wconf 85' lang='lat' dir='ltr'><strong>nobis</strong></span> <span class='ocrx_word' id='word_1_102' title='bbox 753 1576 800 1618; x_wconf 91' lang='lat' dir='ltr'><strong>est.</strong></span> <span class='ocrx_word' id='word_1_103' title='bbox 840 1569 956 1618; x_wconf 80' lang='lat' dir='ltr'><strong>Fuerunt</strong></span> <span class='ocrx_word' id='word_1_104' title='bbox 980 1575 1066 1616; x_wconf 86' lang='lat' dir='ltr'><strong>autem</strong></span> <span class='ocrx_word' id='word_1_105' title='bbox 1095 1569 1138 1631; x_wconf 90' lang='lat' dir='ltr'><strong>qui</strong></span> <span class='ocrx_word' id='word_1_106' title='bbox 1162 1567 1295 1629; x_wconf 87' lang='lat' dir='ltr'><strong>Assurem,</strong></span> 
     </span>
     <span class='ocr_line' id='line_1_13' title="bbox 191 1651 1296 1715; baseline -0.005 -10"><span class='ocrx_word' id='word_1_107' title='bbox 191 1653 262 1705; x_wconf 85' lang='lat' dir='ltr'><strong>Semi</strong></span> <span class='ocrx_word' id='word_1_108' title='bbox 279 1655 373 1715; x_wconf 87' lang='lat' dir='ltr'><strong>filium,</strong></span> <span class='ocrx_word' id='word_1_109' title='bbox 398 1659 500 1702; x_wconf 89' lang='lat' dir='ltr'><strong>eterra</strong></span> <span class='ocrx_word' id='word_1_110' title='bbox 517 1651 610 1702; x_wconf 87' lang='lat' dir='ltr'><strong>Siuear</strong></span> <span class='ocrx_word' id='word_1_111' title='bbox 633 1667 762 1715; x_wconf 84' lang='lat' dir='ltr'><strong>egressum</strong></span> <span class='ocrx_word' id='word_1_112' title='bbox 780 1652 967 1715; x_wconf 87' lang='lat' dir='ltr'><strong>intelligerent,</strong></span> <span class='ocrx_word' id='word_1_113' title='bbox 991 1667 1006 1700; x_wconf 91' lang='lat' dir='ltr'><strong>e</strong></span> <span class='ocrx_word' id='word_1_114' title='bbox 1023 1651 1116 1715; x_wconf 90' lang='lat' dir='ltr'><strong>quibus</strong></span> <span class='ocrx_word' id='word_1_115' title='bbox 1133 1653 1296 1701; x_wconf 88' lang='lat' dir='ltr'><strong>nominamus</strong></span> 
     </span>
     <span class='ocr_line' id='line_1_14' title="bbox 190 1728 1296 1800; baseline -0.003 -12"><span class='ocrx_word' id='word_1_116' title='bbox 190 1739 281 1800; x_wconf 87' lang='lat' dir='ltr'><strong>LXX,</strong></span> <span class='ocrx_word' id='word_1_117' title='bbox 297 1740 411 1800; x_wconf 73' lang='lat' dir='ltr'><strong>Insere,</strong></span> <span class='ocrx_word' id='word_1_118' title='bbox 428 1728 552 1798; x_wconf 76' lang='lat' dir='ltr'><strong>Hieron,</strong></span> <span class='ocrx_word' id='word_1_119' title='bbox 569 1735 679 1796; x_wconf 73' lang='lat' dir='ltr'><strong>nucu,</strong></span> <span class='ocrx_word' id='word_1_120' title='bbox 691 1737 783 1798; x_wconf 84' lang='lat' dir='ltr'><strong>Lern,</strong></span> <span class='ocrx_word' id='word_1_121' title='bbox 794 1737 922 1785; x_wconf 84' lang='lat' dir='ltr'><strong>Hurrmn.</strong></span> <span class='ocrx_word' id='word_1_122' title='bbox 940 1736 982 1798; x_wconf 92' lang='lat' dir='ltr'><strong>(de</strong></span> <span class='ocrx_word' id='word_1_123' title='bbox 993 1736 1069 1785; x_wconf 88' lang='lat' dir='ltr'><strong>rebus</strong></span> <span class='ocrx_word' id='word_1_124' title='bbox 1078 1736 1209 1798; x_wconf 83' lang='lat' dir='ltr'><strong>Lydorum</strong></span> <span class='ocrx_word' id='word_1_125' title='bbox 1227 1752 1251 1800; x_wconf 88' lang='lat' dir='ltr'><strong>p.</strong></span> <span class='ocrx_word' id='word_1_126' title='bbox 1262 1735 1296 1797; x_wconf 82' lang='lat'><strong>8),</strong></span> 
     </span>
     <span class='ocr_line' id='line_1_15' title="bbox 191 1819 1297 1884; baseline -0.005 -11"><span class='ocrx_word' id='word_1_127' title='bbox 191 1823 237 1873; x_wconf 84' lang='lat' dir='ltr'><strong>eir.</strong></span> <span class='ocrx_word' id='word_1_128' title='bbox 254 1823 343 1883; x_wconf 79' lang='lat' dir='ltr'><strong>Vsux,</strong></span> <span class='ocrx_word' id='word_1_129' title='bbox 364 1821 484 1872; x_wconf 80' lang='lat' dir='ltr'><strong>Nineveh</strong></span> <span class='ocrx_word' id='word_1_130' title='bbox 506 1821 558 1870; x_wconf 84' lang='lat' dir='ltr'><strong>eud</strong></span> <span class='ocrx_word' id='word_1_131' title='bbox 576 1821 721 1884; x_wconf 86' lang='lat' dir='ltr'><strong>Persepolis</strong></span> <span class='ocrx_word' id='word_1_132' title='bbox 743 1836 768 1884; x_wconf 90' lang='lat' dir='ltr'><strong>p.</strong></span> <span class='ocrx_word' id='word_1_133' title='bbox 782 1823 811 1880; x_wconf 73' lang='grc' dir='ltr'><strong>ὃς</strong></span> <span class='ocrx_word' id='word_1_134' title='bbox 836 1820 928 1883; x_wconf 89' lang='lat' dir='ltr'><strong>quibus</strong></span> <span class='ocrx_word' id='word_1_135' title='bbox 951 1834 1004 1868; x_wconf 90' lang='lat' dir='ltr'><strong>nou</strong></span> <span class='ocrx_word' id='word_1_136' title='bbox 1027 1825 1163 1882; x_wconf 75' lang='lat' dir='ltr'><strong>tantopere</strong></span> <span class='ocrx_word' id='word_1_137' title='bbox 1185 1819 1297 1868; x_wconf 84' lang='lat' dir='ltr'><strong>dixerim</strong></span> 
     </span>
     <span class='ocr_line' id='line_1_16' title="bbox 192 1903 1297 1970; baseline -0.005 -13"><span class='ocrx_word' id='word_1_138' title='bbox 192 1907 308 1968; x_wconf 83' lang='lat' dir='ltr'><strong>obstare,</strong></span> <span class='ocrx_word' id='word_1_139' title='bbox 330 1906 398 1970; x_wconf 92' lang='lat' dir='ltr'><strong>quod</strong></span> <span class='ocrx_word' id='word_1_140' title='bbox 422 1906 545 1957; x_wconf 89' lang='lat' dir='ltr'><strong>hocloco</strong></span> <span class='ocrx_word' id='word_1_141' title='bbox 569 1906 601 1954; x_wconf 89' lang='lat' dir='ltr'><strong>de</strong></span> <span class='ocrx_word' id='word_1_142' title='bbox 618 1904 746 1966; x_wconf 84' lang='lat' dir='ltr'><strong>Hamitis,</strong></span> <span class='ocrx_word' id='word_1_143' title='bbox 769 1910 860 1967; x_wconf 88' lang='lat' dir='ltr'><strong>postea</strong></span> <span class='ocrx_word' id='word_1_144' title='bbox 883 1903 986 1954; x_wconf 87' lang='lat' dir='ltr'><strong>demum</strong></span> <span class='ocrx_word' id='word_1_145' title='bbox 1011 1904 1044 1954; x_wconf 88' lang='lat' dir='ltr'><strong>de</strong></span> <span class='ocrx_word' id='word_1_146' title='bbox 1067 1903 1172 1954; x_wconf 87' lang='lat' dir='ltr'><strong>Semitis</strong></span> <span class='ocrx_word' id='word_1_147' title='bbox 1195 1903 1297 1964; x_wconf 88' lang='lat' dir='ltr'><strong>dicitur,</strong></span> 
     </span>
     <span class='ocr_line' id='line_1_17' title="bbox 191 1988 1296 2054; baseline -0.004 -14"><span class='ocrx_word' id='word_1_148' title='bbox 191 2005 268 2054; x_wconf 86' lang='lat' dir='ltr'><strong>quam</strong></span> <span class='ocrx_word' id='word_1_149' title='bbox 286 2005 388 2040; x_wconf 87' lang='lat' dir='ltr'><strong>curnem</strong></span> <span class='ocrx_word' id='word_1_150' title='bbox 403 1990 628 2041; x_wconf 58' lang='lat' dir='ltr'><strong>recitationem</strong></span> <span class='ocrx_word' id='word_1_151' title='bbox 645 2001 701 2038; x_wconf 89' lang='lat' dir='ltr'><strong>esee</strong></span> <span class='ocrx_word' id='word_1_152' title='bbox 719 1989 889 2050; x_wconf 85' lang='lat' dir='ltr'><strong>eontrarium,</strong></span> <span class='ocrx_word' id='word_1_153' title='bbox 911 1991 1004 2053; x_wconf 76' lang='lat' dir='ltr'><strong>qqupe</strong></span> <span class='ocrx_word' id='word_1_154' title='bbox 1027 1989 1053 2037; x_wconf 91' lang='lat' dir='ltr'><strong>in</strong></span> <span class='ocrx_word' id='word_1_155' title='bbox 1072 2004 1122 2051; x_wconf 90' lang='lat' dir='ltr'><strong>quo</strong></span> <span class='ocrx_word' id='word_1_156' title='bbox 1141 1988 1296 2037; x_wconf 76' lang='lat' dir='ltr'><strong>domInatio·</strong></span> 
     </span>
     <span class='ocr_line' id='line_1_18' title="bbox 190 2073 1296 2134; baseline -0.004 -10"><span class='ocrx_word' id='word_1_157' title='bbox 190 2077 230 2124; x_wconf 91' lang='lat' dir='ltr'><strong>uis</strong></span> <span class='ocrx_word' id='word_1_158' title='bbox 252 2075 420 2125; x_wconf 77' lang='lat' dir='ltr'><strong>NimrodIcse</strong></span> <span class='ocrx_word' id='word_1_159' title='bbox 442 2082 562 2125; x_wconf 86' lang='lat' dir='ltr'><strong>narretur</strong></span> <span class='ocrx_word' id='word_1_160' title='bbox 583 2074 730 2134; x_wconf 88' lang='lat' dir='ltr'><strong>initium,</strong></span> <span class='ocrx_word' id='word_1_161' title='bbox 751 2073 822 2122; x_wconf 86' lang='lat' dir='ltr'><strong>cuius</strong></span> <span class='ocrx_word' id='word_1_162' title='bbox 849 2073 1061 2122; x_wconf 77' lang='lat' dir='ltr'><strong>continuatio</strong></span> <span class='ocrx_word' id='word_1_163' title='bbox 1092 2079 1118 2122; x_wconf 90' lang='lat' dir='ltr'><strong>et</strong></span> <span class='ocrx_word' id='word_1_164' title='bbox 1145 2085 1296 2134; x_wconf 88' lang='lat' dir='ltr'><strong>progressus</strong></span> 
     </span>
     <span class='ocr_line' id='line_1_19' title="bbox 191 2157 1297 2224; baseline -0.005 -13"><span class='ocrx_word' id='word_1_165' title='bbox 191 2176 315 2224; x_wconf 79' lang='lat' dir='ltr'><strong>nmquam</strong></span> <span class='ocrx_word' id='word_1_166' title='bbox 332 2161 442 2211; x_wconf 89' lang='lat' dir='ltr'><strong>inveniri</strong></span> <span class='ocrx_word' id='word_1_167' title='bbox 460 2166 545 2224; x_wconf 90' lang='lat' dir='ltr'><strong>potest</strong></span> <span class='ocrx_word' id='word_1_168' title='bbox 561 2159 611 2208; x_wconf 87' lang='lat' dir='ltr'><strong>nisi</strong></span> <span class='ocrx_word' id='word_1_169' title='bbox 629 2158 669 2206; x_wconf 87' lang='lat' dir='ltr'><strong>his</strong></span> <span class='ocrx_word' id='word_1_170' title='bbox 687 2157 770 2207; x_wconf 85' lang='lat' dir='ltr'><strong>verbis</strong></span> <span class='ocrx_word' id='word_1_171' title='bbox 787 2158 993 2220; x_wconf 83' lang='lat' dir='ltr'><strong>comprehensus.</strong></span> <span class='ocrx_word' id='word_1_172' title='bbox 1018 2158 1101 2208; x_wconf 90' lang='lat' dir='ltr'><strong>Porro</strong></span> <span class='ocrx_word' id='word_1_173' title='bbox 1119 2158 1170 2218; x_wconf 88' lang='lat' dir='ltr'><strong>alii,</strong></span> <span class='ocrx_word' id='word_1_174' title='bbox 1189 2157 1297 2218; x_wconf 76' lang='lat' dir='ltr'><strong>Cremu,</strong></span> 
     </span>
     <span class='ocr_line' id='line_1_20' title="bbox 191 2240 1297 2307; baseline -0.004 -12"><span class='ocrx_word' id='word_1_175' title='bbox 191 2245 269 2295; x_wconf 81' lang='lat' dir='ltr'><strong>Oeen.</strong></span> <span class='ocrx_word' id='word_1_176' title='bbox 286 2259 305 2295; x_wconf 73' lang='lat' dir='ltr'><strong>s</strong></span> <span class='ocrx_word' id='word_1_177' title='bbox 321 2247 430 2306; x_wconf 79' lang='lat' dir='ltr'><strong>Lsrmu,</strong></span> <span class='ocrx_word' id='word_1_178' title='bbox 454 2245 585 2294; x_wconf 79' lang='lat' dir='ltr'><strong>Prurrsuu.</strong></span> <span class='ocrx_word' id='word_1_179' title='bbox 610 2244 698 2307; x_wconf 87' lang='lat' dir='ltr'><strong>(dubia</strong></span> <span class='ocrx_word' id='word_1_180' title='bbox 715 2249 811 2293; x_wconf 75' lang='lat' dir='ltr'><strong>vexate</strong></span> <span class='ocrx_word' id='word_1_181' title='bbox 827 2256 853 2304; x_wconf 90' lang='lat' dir='ltr'><strong>p.</strong></span> <span class='ocrx_word' id='word_1_182' title='bbox 866 2240 908 2302; x_wconf 78' lang='lat'><strong>82)</strong></span> <span class='ocrx_word' id='word_1_183' title='bbox 928 2244 1068 2303; x_wconf 87' lang='lat' dir='ltr'><strong>,Aesurem</strong></span> <span class='ocrx_word' id='word_1_184' title='bbox 1091 2249 1194 2290; x_wconf 89' lang='lat' dir='ltr'><strong>sumunt</strong></span> <span class='ocrx_word' id='word_1_185' title='bbox 1210 2256 1297 2306; x_wconf 89' lang='lat' dir='ltr'><strong>perso-</strong></span> 
     </span>
     <span class='ocr_line' id='line_1_21' title="bbox 193 2324 1297 2393; baseline -0.005 -14"><span class='ocrx_word' id='word_1_186' title='bbox 193 2331 286 2380; x_wconf 85' lang='lat' dir='ltr'><strong>naliter</strong></span> <span class='ocrx_word' id='word_1_187' title='bbox 303 2345 350 2393; x_wconf 90' lang='lat' dir='ltr'><strong>pro</strong></span> <span class='ocrx_word' id='word_1_188' title='bbox 367 2330 422 2378; x_wconf 88' lang='lat' dir='ltr'><strong>iilic</strong></span> <span class='ocrx_word' id='word_1_189' title='bbox 433 2327 553 2379; x_wconf 88' lang='lat' dir='ltr'><strong>Nimrcdi</strong></span> <span class='ocrx_word' id='word_1_190' title='bbox 570 2329 614 2391; x_wconf 92' lang='lat' dir='ltr'><strong>qui</strong></span> <span class='ocrx_word' id='word_1_191' title='bbox 632 2327 699 2391; x_wconf 87' lang='lat' dir='ltr'><strong>apud</strong></span> <span class='ocrx_word' id='word_1_192' title='bbox 717 2327 839 2391; x_wconf 82' lang='lat' dir='ltr'><strong>profanos</strong></span> <span class='ocrx_word' id='word_1_193' title='bbox 857 2326 1000 2389; x_wconf 85' lang='lat' dir='ltr'><strong>appelletur</strong></span> <span class='ocrx_word' id='word_1_194' title='bbox 1013 2324 1111 2374; x_wconf 82' lang='lat' dir='ltr'><strong>Ninus“</strong></span> <span class='ocrx_word' id='word_1_195' title='bbox 1132 2334 1172 2360; x_wconf 78' lang='lat'><strong>-&#39;</strong></span> <span class='ocrx_word' id='word_1_196' title='bbox 1182 2325 1210 2373; x_wconf 93' lang='lat' dir='ltr'><strong>id</strong></span> <span class='ocrx_word' id='word_1_197' title='bbox 1227 2325 1297 2388; x_wconf 91' lang='lat' dir='ltr'><strong>quod</strong></span> 
     </span>
     <span class='ocr_line' id='line_1_22' title="bbox 192 2407 1297 2478; baseline -0.004 -16"><span class='ocrx_word' id='word_1_198' title='bbox 192 2428 238 2478; x_wconf 88' lang='lat' dir='ltr'><strong>per</strong></span> <span class='ocrx_word' id='word_1_199' title='bbox 256 2429 283 2462; x_wconf 87' lang='lat' dir='ltr'><strong>se</strong></span> <span class='ocrx_word' id='word_1_200' title='bbox 301 2420 418 2462; x_wconf 85' lang='lat' dir='ltr'><strong>constare</strong></span> <span class='ocrx_word' id='word_1_201' title='bbox 435 2415 523 2477; x_wconf 87' lang='lat' dir='ltr'><strong>nequit</strong></span> <span class='ocrx_word' id='word_1_202' title='bbox 541 2419 567 2462; x_wconf 91' lang='lat' dir='ltr'><strong>et</strong></span> <span class='ocrx_word' id='word_1_203' title='bbox 585 2413 715 2474; x_wconf 88' lang='lat' dir='ltr'><strong>ingentem</strong></span> <span class='ocrx_word' id='word_1_204' title='bbox 733 2411 812 2458; x_wconf 84' lang='lat' dir='ltr'><strong>etiem</strong></span> <span class='ocrx_word' id='word_1_205' title='bbox 828 2409 913 2459; x_wconf 81' lang='lat' dir='ltr'><strong>verbis</strong></span> <span class='ocrx_word' id='word_1_206' title='bbox 933 2411 1069 2471; x_wconf 74' lang='lat' dir='ltr'><strong>caliginem</strong></span> <span class='ocrx_word' id='word_1_207' title='bbox 1087 2408 1205 2458; x_wconf 85' lang='lat' dir='ltr'><strong>offundit.</strong></span> <span class='ocrx_word' id='word_1_208' title='bbox 1241 2407 1297 2458; x_wconf 86' lang='lat' dir='ltr'><strong>Nec</strong></span> 
     </span>
     <span class='ocr_line' id='line_1_23' title="bbox 192 2491 1297 2560; baseline -0.004 -14"><span class='ocrx_word' id='word_1_209' title='bbox 192 2499 276 2546; x_wconf 88' lang='lat' dir='ltr'><strong>minus</strong></span> <span class='ocrx_word' id='word_1_210' title='bbox 293 2497 372 2559; x_wconf 86' lang='lat' dir='ltr'><strong>igitur</strong></span> <span class='ocrx_word' id='word_1_211' title='bbox 388 2497 586 2560; x_wconf 73' lang='lat' dir='ltr'><strong>improbandum</strong></span> <span class='ocrx_word' id='word_1_212' title='bbox 604 2503 656 2555; x_wconf 87' lang='lat' dir='ltr'><strong>est,</strong></span> <span class='ocrx_word' id='word_1_213' title='bbox 674 2494 742 2557; x_wconf 89' lang='lat' dir='ltr'><strong>quod</strong></span> <span class='ocrx_word' id='word_1_214' title='bbox 759 2492 929 2552; x_wconf 69' lang='lat' dir='ltr'><strong>Querunrauu</strong></span> <span class='ocrx_word' id='word_1_215' title='bbox 946 2494 1046 2556; x_wconf 85' lang='lat' dir='ltr'><strong>(Jouru.</strong></span> <span class='ocrx_word' id='word_1_216' title='bbox 1065 2493 1090 2546; x_wconf 91' lang='lat' dir='ltr'><strong>d.</strong></span> <span class='ocrx_word' id='word_1_217' title='bbox 1110 2491 1297 2554; x_wconf 79' lang='lat' dir='ltr'><strong>Savsnsl849‚</strong></span> 
     </span>
     <span class='ocr_line' id='line_1_24' title="bbox 191 2575 1298 2645; baseline -0.005 -14"><span class='ocrx_word' id='word_1_218' title='bbox 191 2597 216 2645; x_wconf 94' lang='lat' dir='ltr'><strong>p.</strong></span> <span class='ocrx_word' id='word_1_219' title='bbox 226 2582 286 2645; x_wconf 81' lang='lat'>560)</span> <span class='ocrx_word' id='word_1_220' title='bbox 304 2587 330 2630; x_wconf 89' lang='lat' dir='ltr'><strong>et</strong></span> <span class='ocrx_word' id='word_1_221' title='bbox 346 2581 474 2630; x_wconf 82' lang='lat' dir='ltr'><strong>Hureuun.</strong></span> <span class='ocrx_word' id='word_1_222' title='bbox 494 2581 511 2630; x_wconf 93' lang='lat' dir='ltr'><strong>l.</strong></span> <span class='ocrx_word' id='word_1_223' title='bbox 523 2581 540 2628; x_wconf 93' lang='lat' dir='ltr'><strong>l.</strong></span> <span class='ocrx_word' id='word_1_224' title='bbox 558 2580 618 2628; x_wconf 84' lang='lat' dir='ltr'><strong>hinc</strong></span> <span class='ocrx_word' id='word_1_225' title='bbox 636 2579 686 2628; x_wconf 88' lang='lat' dir='ltr'><strong>eibi</strong></span> <span class='ocrx_word' id='word_1_226' title='bbox 703 2577 823 2628; x_wconf 85' lang='lat' dir='ltr'><strong>videntur</strong></span> <span class='ocrx_word' id='word_1_227' title='bbox 840 2580 946 2629; x_wconf 86' lang='lat' dir='ltr'><strong>elicere:</strong></span> <span class='ocrx_word' id='word_1_228' title='bbox 967 2577 1015 2640; x_wconf 84' lang='lat' dir='ltr'><strong>,ab</strong></span> <span class='ocrx_word' id='word_1_229' title='bbox 1032 2575 1081 2626; x_wconf 86' lang='lat' dir='ltr'><strong>hac</strong></span> <span class='ocrx_word' id='word_1_230' title='bbox 1097 2577 1200 2626; x_wconf 85' lang='lat' dir='ltr'><strong>colonia</strong></span> <span class='ocrx_word' id='word_1_231' title='bbox 1216 2576 1298 2626; x_wconf 86' lang='lat' dir='ltr'><strong>Semi·</strong></span> 
     </span>
     <span class='ocr_line' id='line_1_25' title="bbox 192 2661 1298 2730; baseline -0.005 -14"><span class='ocrx_word' id='word_1_232' title='bbox 192 2669 257 2729; x_wconf 88' lang='lat' dir='ltr'><strong>tica,</strong></span> <span class='ocrx_word' id='word_1_233' title='bbox 276 2680 341 2730; x_wconf 80' lang='lat' dir='ltr'><strong>quse</strong></span> <span class='ocrx_word' id='word_1_234' title='bbox 359 2665 486 2716; x_wconf 86' lang='lat' dir='ltr'><strong>Cuschitis</strong></span> <span class='ocrx_word' id='word_1_235' title='bbox 503 2666 530 2713; x_wconf 90' lang='lat' dir='ltr'><strong>in</strong></span> <span class='ocrx_word' id='word_1_236' title='bbox 542 2663 714 2728; x_wconf 87' lang='lat' dir='ltr'><strong>Babyloniam</strong></span> <span class='ocrx_word' id='word_1_237' title='bbox 731 2664 886 2713; x_wconf 87' lang='lat' dir='ltr'><strong>irruentibus</strong></span> <span class='ocrx_word' id='word_1_238' title='bbox 904 2666 932 2714; x_wconf 89' lang='lat' dir='ltr'><strong>iu</strong></span> <span class='ocrx_word' id='word_1_239' title='bbox 944 2662 1110 2725; x_wconf 82' lang='lat' dir='ltr'><strong>Assyriorum</strong></span> <span class='ocrx_word' id='word_1_240' title='bbox 1128 2661 1221 2710; x_wconf 85' lang='lat' dir='ltr'><strong>finibus</strong></span> <span class='ocrx_word' id='word_1_241' title='bbox 1238 2677 1298 2711; x_wconf 87' lang='lat' dir='ltr'><strong>con·</strong></span> 
     </span>
     <span class='ocr_line' id='line_1_26' title="bbox 192 2745 1299 2814; baseline -0.008 -12"><span class='ocrx_word' id='word_1_242' title='bbox 192 2752 314 2814; x_wconf 85' lang='lat' dir='ltr'><strong>sedisset,</strong></span> <span class='ocrx_word' id='word_1_243' title='bbox 331 2763 428 2801; x_wconf 89' lang='lat' dir='ltr'><strong>nomeu</strong></span> <span class='ocrx_word' id='word_1_244' title='bbox 446 2756 473 2798; x_wconf 91' lang='lat' dir='ltr'><strong>et</strong></span> <span class='ocrx_word' id='word_1_245' title='bbox 489 2763 598 2811; x_wconf 89' lang='lat' dir='ltr'><strong>regnum</strong></span> <span class='ocrx_word' id='word_1_246' title='bbox 611 2749 781 2812; x_wconf 84' lang='lat' dir='ltr'><strong>Assyriorum</strong></span> <span class='ocrx_word' id='word_1_247' title='bbox 798 2749 895 2812; x_wconf 83' lang='lat' dir='ltr'><strong>cepisse</strong></span> <span class='ocrx_word' id='word_1_248' title='bbox 914 2745 1039 2798; x_wconf 83' lang='lat' dir='ltr'><strong>initium.“</strong></span> <span class='ocrx_word' id='word_1_249' title='bbox 1058 2746 1299 2794; x_wconf 85' lang='lat' dir='ltr'><strong>Iamverouostrae</strong></span> 
     </span>
    </p>
   </div>
   <div class='ocr_carea' id='block_1_4' title="bbox 118 2830 1299 2900">
    <p class='ocr_par' dir='ltr' id='par_1_6' title="bbox 118 2830 1299 2900">
     <span class='ocr_line' id='line_1_27' title="bbox 118 2830 1299 2900; baseline -0.007 -14"><span class='ocrx_word' id='word_1_250' title='bbox 118 2879 128 2898; x_wconf 84' lang='grc'>,</span> <span class='ocrx_word' id='word_1_251' title='bbox 193 2837 397 2900; x_wconf 78' lang='lat' dir='ltr'><strong>interpretationi</strong></span> <span class='ocrx_word' id='word_1_252' title='bbox 416 2835 647 2898; x_wconf 84' lang='lat' dir='ltr'><strong>exprobraverunt,</strong></span> <span class='ocrx_word' id='word_1_253' title='bbox 671 2833 697 2894; x_wconf 86' lang='lat' dir='ltr'><strong>e)</strong></span> <span class='ocrx_word' id='word_1_254' title='bbox 716 2832 841 2896; x_wconf 85' lang='lat' dir='ltr'><strong>siquidem</strong></span> <span class='ocrx_word' id='word_1_255' title='bbox 860 2842 944 2891; x_wconf 62' lang='lat' dir='ltr'><strong>&#39;inmte</strong></span> <span class='ocrx_word' id='word_1_256' title='bbox 962 2839 1031 2882; x_wconf 87' lang='lat' dir='ltr'><strong>esset</strong></span> <span class='ocrx_word' id='word_1_257' title='bbox 1053 2845 1134 2881; x_wconf 86' lang='lat' dir='ltr'><strong>urens.</strong></span> <span class='ocrx_word' id='word_1_258' title='bbox 1157 2830 1221 2892; x_wconf 90' lang='lat' dir='ltr'><strong>loci,</strong></span> <span class='ocrx_word' id='word_1_259' title='bbox 1245 2845 1299 2880; x_wconf 90' lang='lat' dir='ltr'><strong>uon</strong></span> 
     </span>
    </p>
   </div>
   <div class='ocr_carea' id='block_1_5' title="bbox 192 2913 1300 3576">
    <p class='ocr_par' dir='ltr' id='par_1_7' title="bbox 192 2913 1300 3576">
     <span class='ocr_line' id='line_1_28' title="bbox 193 2913 1298 2980; baseline -0.007 -10"><span class='ocrx_word' id='word_1_260' title='bbox 193 2919 288 2970; x_wconf 88' lang='lat' dir='ltr'><strong>debere</strong></span> <span class='ocrx_word' id='word_1_261' title='bbox 305 2920 395 2969; x_wconf 85' lang='lat' dir='ltr'><strong>deesse</strong></span> <span class='ocrx_word' id='word_1_262' title='bbox 414 2929 434 2972; x_wconf 71' lang='grc' dir='ltr'><strong>,Ἰ</strong></span> <span class='ocrx_word' id='word_1_263' title='bbox 452 2919 560 2968; x_wconf 83' lang='lat' dir='ltr'><strong>localem</strong></span> <span class='ocrx_word' id='word_1_264' title='bbox 578 2919 723 2980; x_wconf 76' lang='lat' dir='ltr'><strong>(Pramum,</strong></span> <span class='ocrx_word' id='word_1_265' title='bbox 742 2916 888 2979; x_wconf 71' lang='lat' dir='ltr'><strong>Scanatus,</strong></span> <span class='ocrx_word' id='word_1_266' title='bbox 905 2931 929 2966; x_wconf 87' lang='lat' dir='ltr'><strong>v.</strong></span> <span class='ocrx_word' id='word_1_267' title='bbox 940 2915 1065 2980; x_wconf 80' lang='lat' dir='ltr'><strong>Bcuuun);</strong></span> <span class='ocrx_word' id='word_1_268' title='bbox 1084 2924 1111 2966; x_wconf 86' lang='lat' dir='ltr'><strong>at</strong></span> <span class='ocrx_word' id='word_1_269' title='bbox 1123 2917 1202 2966; x_wconf 74' lang='lat' dir='ltr'><strong>Tunc.</strong></span> <span class='ocrx_word' id='word_1_270' title='bbox 1221 2913 1298 2976; x_wconf 79' lang='lat' dir='ltr'><strong>(Gen.</strong></span> 
     </span>
     <span class='ocr_line' id='line_1_29' title="bbox 192 2999 1299 3075; baseline -0.008 -19"><span class='ocrx_word' id='word_1_271' title='bbox 192 3023 217 3075; x_wconf 92' lang='lat' dir='ltr'><strong>p.</strong></span> <span class='ocrx_word' id='word_1_272' title='bbox 230 3005 280 3056; x_wconf 75' lang='lat'><strong>236</strong></span> <span class='ocrx_word' id='word_1_273' title='bbox 298 3005 394 3054; x_wconf 90' lang='lat' dir='ltr'><strong>dudum</strong></span> <span class='ocrx_word' id='word_1_274' title='bbox 414 3005 522 3064; x_wconf 90' lang='lat' dir='ltr'><strong>monuit,</strong></span> <span class='ocrx_word' id='word_1_275' title='bbox 540 3004 657 3052; x_wconf 88' lang='lat' dir='ltr'><strong>similiter</strong></span> <span class='ocrx_word' id='word_1_276' title='bbox 668 3003 757 3052; x_wconf 88' lang='lat' dir='ltr'><strong>deesse</strong></span> <span class='ocrx_word' id='word_1_277' title='bbox 774 3010 795 3052; x_wconf 74' lang='grc' dir='ltr'><strong>Π</strong></span> <span class='ocrx_word' id='word_1_278' title='bbox 820 3003 896 3052; x_wconf 89' lang='lat' dir='ltr'><strong>Dent.</strong></span> <span class='ocrx_word' id='word_1_279' title='bbox 914 3001 1050 3063; x_wconf 84' lang='lat' dir='ltr'><strong>XXVIII,</strong></span> <span class='ocrx_word' id='word_1_280' title='bbox 1068 3003 1110 3051; x_wconf 87' lang='grc'><strong>68.</strong></span> <span class='ocrx_word' id='word_1_281' title='bbox 1141 2999 1230 3063; x_wconf 87' lang='lat' dir='ltr'><strong>lReg.</strong></span> <span class='ocrx_word' id='word_1_282' title='bbox 1248 2999 1299 3059; x_wconf 87' lang='lat' dir='ltr'><strong>XI,</strong></span> 
     </span>
     <span class='ocr_line' id='line_1_30' title="bbox 195 3081 1299 3152; baseline -0.007 -13"><span class='ocrx_word' id='word_1_283' title='bbox 195 3091 234 3140; x_wconf 90' lang='grc'><strong>17.</strong></span> <span class='ocrx_word' id='word_1_284' title='bbox 251 3089 347 3150; x_wconf 84' lang='grc' dir='ltr'>ΧΧΙΙ,</span> <span class='ocrx_word' id='word_1_285' title='bbox 357 3090 398 3137; x_wconf 88' lang='grc'><strong>37.</strong></span> <span class='ocrx_word' id='word_1_286' title='bbox 416 3087 504 3152; x_wconf 78' lang='lat' dir='ltr'><strong>rneg.</strong></span> <span class='ocrx_word' id='word_1_287' title='bbox 515 3089 556 3149; x_wconf 87' lang='lat' dir='ltr'><strong>X,</strong></span> <span class='ocrx_word' id='word_1_288' title='bbox 569 3090 607 3137; x_wconf 90' lang='grc'><strong>17.</strong></span> <span class='ocrx_word' id='word_1_289' title='bbox 625 3089 687 3149; x_wconf 90' lang='lat' dir='ltr'><strong>XV,</strong></span> <span class='ocrx_word' id='word_1_290' title='bbox 700 3089 745 3149; x_wconf 77' lang='lat'><strong>143</strong></span> <span class='ocrx_word' id='word_1_291' title='bbox 764 3087 809 3136; x_wconf 79' lang='lat' dir='ltr'><strong>cfr.</strong></span> <span class='ocrx_word' id='word_1_292' title='bbox 822 3087 930 3136; x_wconf 77' lang='lat' dir='ltr'><strong>waunr</strong></span> <span class='ocrx_word' id='word_1_293' title='bbox 948 3086 1071 3135; x_wconf 79' lang='lat' dir='ltr'><strong>auslr&#39;rhrl.</strong></span> <span class='ocrx_word' id='word_1_294' title='bbox 1089 3083 1182 3134; x_wconf 88' lang='lat' dir='ltr'><strong>Lehrb.</strong></span> <span class='ocrx_word' id='word_1_295' title='bbox 1201 3081 1224 3144; x_wconf 65' lang='lat'><strong>5.</strong></span> <span class='ocrx_word' id='word_1_296' title='bbox 1238 3084 1299 3142; x_wconf 70' lang='lat'><strong>282,</strong></span> 
     </span>
     <span class='ocr_line' id='line_1_31' title="bbox 193 3165 1299 3236; baseline -0.01 -12"><span class='ocrx_word' id='word_1_297' title='bbox 193 3189 224 3236; x_wconf 86' lang='lat' dir='ltr'><strong>a,</strong></span> <span class='ocrx_word' id='word_1_298' title='bbox 242 3177 266 3222; x_wconf 96' lang='lat' dir='ltr'><strong>l.</strong></span> <span class='ocrx_word' id='word_1_299' title='bbox 300 3172 327 3234; x_wconf 92' lang='lat' dir='ltr'><strong>b)</strong></span> <span class='ocrx_word' id='word_1_300' title='bbox 344 3181 427 3228; x_wconf 63' lang='lat' dir='ltr'><strong>&#39;liwir</strong></span> <span class='ocrx_word' id='word_1_301' title='bbox 445 3179 568 3235; x_wconf 86' lang='lat' dir='ltr'><strong>tanquam</strong></span> <span class='ocrx_word' id='word_1_302' title='bbox 585 3173 698 3234; x_wconf 85' lang='lat' dir='ltr'><strong>regionis</strong></span> <span class='ocrx_word' id='word_1_303' title='bbox 715 3185 811 3220; x_wconf 88' lang='lat' dir='ltr'><strong>nomeu</strong></span> <span class='ocrx_word' id='word_1_304' title='bbox 828 3170 943 3220; x_wconf 90' lang='lat' dir='ltr'><strong>noudum</strong></span> <span class='ocrx_word' id='word_1_305' title='bbox 964 3177 1053 3218; x_wconf 88' lang='lat' dir='ltr'><strong>uotum</strong></span> <span class='ocrx_word' id='word_1_306' title='bbox 1076 3181 1133 3216; x_wconf 88' lang='lat' dir='ltr'><strong>esse</strong></span> <span class='ocrx_word' id='word_1_307' title='bbox 1154 3165 1299 3230; x_wconf 84' lang='lat' dir='ltr'><strong>legentibus</strong></span> 
     </span>
     <span class='ocr_line' id='line_1_32' title="bbox 193 3249 1300 3316; baseline -0.012 -6"><span class='ocrx_word' id='word_1_308' title='bbox 193 3265 282 3310; x_wconf 86' lang='lat' dir='ltr'><strong>mouet</strong></span> <span class='ocrx_word' id='word_1_309' title='bbox 298 3257 464 3316; x_wconf 81' lang='lat' dir='ltr'><strong>Pnrrruuos3</strong></span> <span class='ocrx_word' id='word_1_310' title='bbox 482 3263 587 3304; x_wconf 81' lang='lat' dir='ltr'><strong>atvero</strong></span> <span class='ocrx_word' id='word_1_311' title='bbox 604 3255 713 3304; x_wconf 82' lang='lat' dir='ltr'><strong>habetur</strong></span> <span class='ocrx_word' id='word_1_312' title='bbox 730 3270 762 3304; x_wconf 87' lang='lat' dir='ltr'><strong>eo</strong></span> <span class='ocrx_word' id='word_1_313' title='bbox 780 3269 857 3304; x_wconf 87' lang='lat' dir='ltr'><strong>seusu</strong></span> <span class='ocrx_word' id='word_1_314' title='bbox 874 3255 915 3315; x_wconf 92' lang='lat' dir='ltr'><strong>II,</strong></span> <span class='ocrx_word' id='word_1_315' title='bbox 934 3255 967 3303; x_wconf 86' lang='grc'><strong>14</strong></span> <span class='ocrx_word' id='word_1_316' title='bbox 995 3261 1079 3309; x_wconf 58' lang='lat' dir='ltr'><strong>&#39;tumre</strong></span> <span class='ocrx_word' id='word_1_317' title='bbox 1102 3258 1194 3316; x_wconf 60' lang='grc' dir='ltr'><strong>τινὶ-πρ.</strong></span> <span class='ocrx_word' id='word_1_318' title='bbox 1229 3249 1300 3298; x_wconf 82' lang='lat' dir='ltr'><strong>Reli-</strong></span> 
     </span>
     <span class='ocr_line' id='line_1_33' title="bbox 195 3333 1300 3406; baseline -0.01 -13"><span class='ocrx_word' id='word_1_319' title='bbox 195 3357 246 3406; x_wconf 86' lang='lat' dir='ltr'><strong>qua</strong></span> <span class='ocrx_word' id='word_1_320' title='bbox 261 3341 360 3392; x_wconf 77' lang='lat' dir='ltr'><strong>Preme.</strong></span> <span class='ocrx_word' id='word_1_321' title='bbox 384 3346 536 3403; x_wconf 82' lang='lat' dir='ltr'><strong>argumenta</strong></span> <span class='ocrx_word' id='word_1_322' title='bbox 559 3353 606 3403; x_wconf 90' lang='lat' dir='ltr'><strong>pro</strong></span> <span class='ocrx_word' id='word_1_323' title='bbox 629 3338 710 3387; x_wconf 90' lang='lat' dir='ltr'><strong>nihilo</strong></span> <span class='ocrx_word' id='word_1_324' title='bbox 734 3337 854 3388; x_wconf 83' lang='lat' dir='ltr'><strong>habenda</strong></span> <span class='ocrx_word' id='word_1_325' title='bbox 868 3351 1008 3388; x_wconf 88' lang='lat' dir='ltr'><strong>censemus.</strong></span> <span class='ocrx_word' id='word_1_326' title='bbox 1041 3333 1098 3382; x_wconf 89' lang='lat' dir='ltr'><strong>Iam</strong></span> <span class='ocrx_word' id='word_1_327' title='bbox 1115 3347 1177 3382; x_wconf 87' lang='lat' dir='ltr'><strong>vero</strong></span> <span class='ocrx_word' id='word_1_328' title='bbox 1194 3341 1300 3382; x_wconf 84' lang='lat' dir='ltr'><strong>nostrae</strong></span> 
     </span>
     <span class='ocr_line' id='line_1_34' title="bbox 194 3414 1299 3491; baseline -0.01 -14"><span class='ocrx_word' id='word_1_329' title='bbox 194 3429 336 3478; x_wconf 85' lang='lat' dir='ltr'><strong>sententiae</strong></span> <span class='ocrx_word' id='word_1_330' title='bbox 360 3432 462 3491; x_wconf 85' lang='lat' dir='ltr'><strong>prseter</strong></span> <span class='ocrx_word' id='word_1_331' title='bbox 484 3431 661 3489; x_wconf 75' lang='lat' dir='ltr'><strong>argumentum</strong></span> <span class='ocrx_word' id='word_1_332' title='bbox 683 3422 747 3471; x_wconf 91' lang='lat' dir='ltr'><strong>illud</strong></span> <span class='ocrx_word' id='word_1_333' title='bbox 770 3437 846 3486; x_wconf 90' lang='lat' dir='ltr'><strong>supra</strong></span> <span class='ocrx_word' id='word_1_334' title='bbox 869 3422 1032 3486; x_wconf 83' lang='lat' dir='ltr'><strong>indigitatum</strong></span> <span class='ocrx_word' id='word_1_335' title='bbox 1057 3414 1212 3482; x_wconf 76' lang='lat' dir='ltr'><strong>magnopere</strong></span> <span class='ocrx_word' id='word_1_336' title='bbox 1229 3418 1299 3467; x_wconf 82' lang='lat' dir='ltr'><strong>levet</strong></span> 
     </span>
     <span class='ocr_line' id='line_1_35' title="bbox 195 3503 1299 3576; baseline -0.009 -14"><span class='ocrx_word' id='word_1_337' title='bbox 195 3511 221 3572; x_wconf 87' lang='lat' dir='ltr'><strong>a)</strong></span> <span class='ocrx_word' id='word_1_338' title='bbox 247 3513 316 3576; x_wconf 90' lang='lat' dir='ltr'><strong>quod</strong></span> <span class='ocrx_word' id='word_1_339' title='bbox 348 3517 405 3563; x_wconf 61' lang='lat' dir='ltr'><strong>nrm</strong></span> <span class='ocrx_word' id='word_1_340' title='bbox 422 3510 491 3561; x_wconf 86' lang='lat' dir='ltr'><strong>baud</strong></span> <span class='ocrx_word' id='word_1_341' title='bbox 509 3523 568 3559; x_wconf 87' lang='lat' dir='ltr'><strong>rere</strong></span> <span class='ocrx_word' id='word_1_342' title='bbox 587 3523 663 3558; x_wconf 88' lang='lat' dir='ltr'><strong>sensu</strong></span> <span class='ocrx_word' id='word_1_343' title='bbox 680 3507 768 3558; x_wconf 87' lang='lat' dir='ltr'><strong>hostili</strong></span> <span class='ocrx_word' id='word_1_344' title='bbox 785 3507 880 3558; x_wconf 88' lang='lat' dir='ltr'><strong>dictum</strong></span> <span class='ocrx_word' id='word_1_345' title='bbox 903 3510 1010 3573; x_wconf 82' lang='lat' dir='ltr'><strong>legitur:</strong></span> <span class='ocrx_word' id='word_1_346' title='bbox 1035 3504 1123 3570; x_wconf 83' lang='lat' dir='ltr'><strong>egredi</strong></span> <span class='ocrx_word' id='word_1_347' title='bbox 1146 3505 1172 3552; x_wconf 88' lang='lat' dir='ltr'><strong>in</strong></span> <span class='ocrx_word' id='word_1_348' title='bbox 1195 3503 1299 3564; x_wconf 89' lang='lat' dir='ltr'><strong>bellum,</strong></span> 
     </span>
    </p>
   </div>
   <div class='ocr_carea' id='block_1_6' title="bbox 1 3573 1301 3661">
    <p class='ocr_par' dir='ltr' id='par_1_8' title="bbox 1 3573 1301 3661">
     <span class='ocr_line' id='line_1_36' title="bbox 1 3573 1301 3661; baseline -0.008 -15"><span class='ocrx_word' id='word_1_349' title='bbox 1 3573 2 3580; x_wconf 73' lang='grc'>’</span> <span class='ocrx_word' id='word_1_350' title='bbox 101 3659 103 3661; x_wconf 35' lang='grc'><strong>,</strong></span> <span class='ocrx_word' id='word_1_351' title='bbox 153 3609 155 3612; x_wconf 93' lang='grc'><strong><em>·</em></strong></span> <span class='ocrx_word' id='word_1_352' title='bbox 195 3580 912 3658; x_wconf 71' lang='lat' dir='ltr'><strong>ue.2sam.xr‚·1.1es.x1.n‚13.rs.1.x‚12.</strong></span> <span class='ocrx_word' id='word_1_353' title='bbox 947 3590 1104 3652; x_wconf 83' lang='lat' dir='ltr'><strong>b)accedit,</strong></span> <span class='ocrx_word' id='word_1_354' title='bbox 1126 3586 1301 3652; x_wconf 76' lang='lat' dir='ltr'><strong>quouruuua</strong></span> 
     </span>
    </p>
   </div>
   <div class='ocr_carea' id='block_1_7' title="bbox 131 3663 1303 4418">
    <p class='ocr_par' dir='ltr' id='par_1_9' title="bbox 131 3663 1303 4418">
     <span class='ocr_line' id='line_1_37' title="bbox 195 3663 1301 3744; baseline -0.008 -16"><span class='ocrx_word' id='word_1_355' title='bbox 195 3679 236 3740; x_wconf 91' lang='lat'><strong>11,</strong></span> <span class='ocrx_word' id='word_1_356' title='bbox 254 3680 269 3728; x_wconf 84' lang='lat'><strong>5</strong></span> <span class='ocrx_word' id='word_1_357' title='bbox 293 3677 388 3730; x_wconf 77' lang='lat' dir='ltr'><strong>direrte</strong></span> <span class='ocrx_word' id='word_1_358' title='bbox 405 3682 539 3744; x_wconf 88' lang='lat' dir='ltr'><strong>Assyriam</strong></span> <span class='ocrx_word' id='word_1_359' title='bbox 562 3687 637 3729; x_wconf 85' lang='lat' dir='ltr'><strong>vocnt</strong></span> <span class='ocrx_word' id='word_1_360' title='bbox 652 3663 757 3728; x_wconf 87' lang='lat' dir='ltr'><strong>terrem</strong></span> <span class='ocrx_word' id='word_1_361' title='bbox 779 3676 900 3728; x_wconf 86' lang='lat' dir='ltr'><strong>Nimrodi</strong></span> <span class='ocrx_word' id='word_1_362' title='bbox 922 3673 976 3735; x_wconf 83' lang='lat' dir='ltr'><strong>(cfr.</strong></span> <span class='ocrx_word' id='word_1_363' title='bbox 997 3677 1108 3726; x_wconf 70' lang='lat' dir='ltr'><strong>Onerum</strong></span> <span class='ocrx_word' id='word_1_364' title='bbox 1132 3673 1196 3722; x_wconf 82' lang='lat' dir='ltr'><strong>uber</strong></span> <span class='ocrx_word' id='word_1_365' title='bbox 1212 3672 1301 3721; x_wconf 86' lang='lat' dir='ltr'><strong>Micha</strong></span> 
     </span>
     <span class='ocr_line' id='line_1_38' title="bbox 195 3759 1300 3828; baseline -0.006 -16"><span class='ocrx_word' id='word_1_366' title='bbox 195 3779 219 3827; x_wconf 92' lang='lat' dir='ltr'><strong>p.</strong></span> <span class='ocrx_word' id='word_1_367' title='bbox 235 3762 302 3822; x_wconf 78' lang='lat'><strong>172).</strong></span> <span class='ocrx_word' id='word_1_368' title='bbox 321 3789 354 3800; x_wconf 89' lang='lat'>—</span> <span class='ocrx_word' id='word_1_369' title='bbox 371 3764 501 3814; x_wconf 90' lang='lat' dir='ltr'><strong>Docemur</strong></span> <span class='ocrx_word' id='word_1_370' title='bbox 518 3765 596 3828; x_wconf 85' lang='lat' dir='ltr'><strong>igitur</strong></span> <span class='ocrx_word' id='word_1_371' title='bbox 612 3763 747 3826; x_wconf 83' lang='lat' dir='ltr'><strong>Babylone</strong></span> <span class='ocrx_word' id='word_1_372' title='bbox 765 3762 882 3823; x_wconf 81' lang='lat' dir='ltr'><strong>conditu,</strong></span> <span class='ocrx_word' id='word_1_373' title='bbox 900 3760 1055 3810; x_wconf 89' lang='lat' dir='ltr'><strong>Nimrodum</strong></span> <span class='ocrx_word' id='word_1_374' title='bbox 1065 3759 1174 3821; x_wconf 89' lang='lat' dir='ltr'><strong>Assyria</strong></span> <span class='ocrx_word' id='word_1_375' title='bbox 1191 3759 1300 3821; x_wconf 89' lang='lat' dir='ltr'><strong>potitum</strong></span> 
     </span>
     <span class='ocr_line' id='line_1_39' title="bbox 131 3842 1301 3910; baseline -0.006 -13"><span class='ocrx_word' id='word_1_376' title='bbox 131 3884 134 3890; x_wconf 70' lang='lat'><strong>.</strong></span> <span class='ocrx_word' id='word_1_377' title='bbox 196 3847 309 3897; x_wconf 79' lang='lat' dir='ltr'><strong>Niniveu</strong></span> <span class='ocrx_word' id='word_1_378' title='bbox 327 3854 359 3896; x_wconf 88' lang='lat' dir='ltr'><strong>ct.</strong></span> <span class='ocrx_word' id='word_1_379' title='bbox 374 3843 542 3909; x_wconf 55' lang='lat' dir='ltr'><strong>&#39;aedificasse</strong></span> <span class='ocrx_word' id='word_1_380' title='bbox 564 3855 640 3910; x_wconf 85' lang='lat' dir='ltr'><strong>etque</strong></span> <span class='ocrx_word' id='word_1_381' title='bbox 665 3846 731 3896; x_wconf 87' lang='lat' dir='ltr'><strong>sdeo</strong></span> <span class='ocrx_word' id='word_1_382' title='bbox 750 3847 883 3896; x_wconf 83' lang='lat' dir='ltr'><strong>Ouschites</strong></span> <span class='ocrx_word' id='word_1_383' title='bbox 908 3861 964 3896; x_wconf 91' lang='lat' dir='ltr'><strong>cum</strong></span> <span class='ocrx_word' id='word_1_384' title='bbox 983 3844 1097 3907; x_wconf 85' lang='lat' dir='ltr'><strong>Assyriis</strong></span> <span class='ocrx_word' id='word_1_385' title='bbox 1120 3842 1225 3893; x_wconf 85' lang='lat' dir='ltr'><strong>Semitis</strong></span> <span class='ocrx_word' id='word_1_386' title='bbox 1244 3854 1301 3890; x_wconf 88' lang='lat' dir='ltr'><strong>esse</strong></span> 
     </span>
     <span class='ocr_line' id='line_1_40' title="bbox 197 3925 1300 3998; baseline -0.009 -16"><span class='ocrx_word' id='word_1_387' title='bbox 197 3932 360 3992; x_wconf 81' lang='lat' dir='ltr'><strong>commixtos3</strong></span> <span class='ocrx_word' id='word_1_388' title='bbox 377 3931 404 3979; x_wconf 89' lang='lat' dir='ltr'><strong>id</strong></span> <span class='ocrx_word' id='word_1_389' title='bbox 422 3933 490 3994; x_wconf 84' lang='lat' dir='ltr'><strong>quod</strong></span> <span class='ocrx_word' id='word_1_390' title='bbox 508 3933 565 3981; x_wconf 82' lang='lat' dir='ltr'><strong>aliis</strong></span> <span class='ocrx_word' id='word_1_391' title='bbox 582 3934 686 3998; x_wconf 84' lang='lat' dir='ltr'><strong>iusuper</strong></span> <span class='ocrx_word' id='word_1_392' title='bbox 704 3933 860 3995; x_wconf 80' lang='lat' dir='ltr'><strong>argumentis</strong></span> <span class='ocrx_word' id='word_1_393' title='bbox 874 3931 955 3992; x_wconf 82' lang='lat' dir='ltr'><strong>magis</strong></span> <span class='ocrx_word' id='word_1_394' title='bbox 968 3930 1100 3991; x_wconf 89' lang='lat' dir='ltr'><strong>magisque</strong></span> <span class='ocrx_word' id='word_1_395' title='bbox 1112 3925 1300 3989; x_wconf 87' lang='lat' dir='ltr'><strong>comprobatur.</strong></span> 
     </span>
     <span class='ocr_line' id='line_1_41' title="bbox 197 4009 1302 4081; baseline -0.01 -15"><span class='ocrx_word' id='word_1_396' title='bbox 197 4017 241 4066; x_wconf 85' lang='lat' dir='ltr'><strong>clr.</strong></span> <span class='ocrx_word' id='word_1_397' title='bbox 260 4028 338 4079; x_wconf 78' lang='lat' dir='ltr'><strong>supro</strong></span> <span class='ocrx_word' id='word_1_398' title='bbox 354 4031 378 4079; x_wconf 92' lang='lat' dir='ltr'><strong>p.</strong></span> <span class='ocrx_word' id='word_1_399' title='bbox 396 4029 468 4066; x_wconf 82' lang='lat' dir='ltr'>xxxv.</span> <span class='ocrx_word' id='word_1_400' title='bbox 489 4016 637 4066; x_wconf 83' lang='lat' dir='ltr'><strong>Dmnxses.</strong></span> <span class='ocrx_word' id='word_1_401' title='bbox 657 4015 751 4068; x_wconf 81' lang='lat' dir='ltr'><strong>Genea.</strong></span> <span class='ocrx_word' id='word_1_402' title='bbox 762 4033 786 4081; x_wconf 89' lang='lat' dir='ltr'><strong>p.</strong></span> <span class='ocrx_word' id='word_1_403' title='bbox 797 4017 854 4066; x_wconf 77' lang='lat'><strong>223.</strong></span> <span class='ocrx_word' id='word_1_404' title='bbox 873 4041 907 4051; x_wconf 90' lang='lat'><strong>—</strong></span> <span class='ocrx_word' id='word_1_405' title='bbox 924 4014 1045 4064; x_wconf 79' lang='lat' dir='ltr'><strong>Ceterum</strong></span> <span class='ocrx_word' id='word_1_406' title='bbox 1058 4011 1184 4060; x_wconf 85' lang='lat' dir='ltr'><strong>memoria</strong></span> <span class='ocrx_word' id='word_1_407' title='bbox 1196 4009 1302 4070; x_wconf 81' lang='lat' dir='ltr'><strong>dignum</strong></span> 
     </span>
     <span class='ocr_line' id='line_1_42' title="bbox 197 4093 1302 4166; baseline -0.006 -18"><span class='ocrx_word' id='word_1_408' title='bbox 197 4101 299 4150; x_wconf 82' lang='lat' dir='ltr'><strong>uidetur</strong></span> <span class='ocrx_word' id='word_1_409' title='bbox 316 4106 344 4148; x_wconf 90' lang='lat' dir='ltr'><strong>ut</strong></span> <span class='ocrx_word' id='word_1_410' title='bbox 361 4106 478 4150; x_wconf 88' lang='lat' dir='ltr'><strong>nutemus</strong></span> <span class='ocrx_word' id='word_1_411' title='bbox 496 4101 612 4150; x_wconf 78' lang='lat' dir='ltr'><strong>Horren.</strong></span> <span class='ocrx_word' id='word_1_412' title='bbox 630 4101 658 4148; x_wconf 86' lang='lat' dir='ltr'><strong>iu</strong></span> <span class='ocrx_word' id='word_1_413' title='bbox 673 4101 741 4151; x_wconf 89' lang='lat' dir='ltr'><strong>libro</strong></span> <span class='ocrx_word' id='word_1_414' title='bbox 759 4101 845 4166; x_wconf 81' lang='lat' dir='ltr'><strong>paulic</strong></span> <span class='ocrx_word' id='word_1_415' title='bbox 863 4105 921 4162; x_wconf 89' lang='lat' dir='ltr'><strong>post</strong></span> <span class='ocrx_word' id='word_1_416' title='bbox 938 4095 1095 4147; x_wconf 86' lang='lat' dir='ltr'><strong>recensendo</strong></span> <span class='ocrx_word' id='word_1_417' title='bbox 1113 4109 1137 4156; x_wconf 95' lang='lat' dir='ltr'><strong>p.</strong></span> <span class='ocrx_word' id='word_1_418' title='bbox 1148 4093 1199 4141; x_wconf 79' lang='lat'><strong>244</strong></span> <span class='ocrx_word' id='word_1_419' title='bbox 1218 4099 1302 4148; x_wconf 59' lang='lat' dir='ltr'><strong>tumre</strong></span> 
     </span>
     <span class='ocr_line' id='line_1_43' title="bbox 197 4177 1303 4249; baseline -0.01 -15"><span class='ocrx_word' id='word_1_420' title='bbox 197 4186 359 4249; x_wconf 84' lang='lat' dir='ltr'><strong>interpretari</strong></span> <span class='ocrx_word' id='word_1_421' title='bbox 368 4199 496 4248; x_wconf 82' lang='lat' dir='ltr'><strong>gressum:</strong></span> <span class='ocrx_word' id='word_1_422' title='bbox 518 4199 546 4246; x_wconf 88' lang='lat' dir='ltr'><strong>,o</strong></span> <span class='ocrx_word' id='word_1_423' title='bbox 564 4190 634 4232; x_wconf 87' lang='lat' dir='ltr'><strong>terra</strong></span> <span class='ocrx_word' id='word_1_424' title='bbox 641 4184 687 4232; x_wconf 86' lang='lat' dir='ltr'><strong>ills</strong></span> <span class='ocrx_word' id='word_1_425' title='bbox 695 4187 758 4234; x_wconf 85' lang='lat' dir='ltr'><strong>exiit</strong></span> <span class='ocrx_word' id='word_1_426' title='bbox 767 4197 869 4248; x_wconf 79' lang='lat' dir='ltr'><strong>greesm</strong></span> <span class='ocrx_word' id='word_1_427' title='bbox 879 4181 1006 4244; x_wconf 83' lang='lat' dir='ltr'><strong>aliquctt“</strong></span> <span class='ocrx_word' id='word_1_428' title='bbox 1018 4205 1050 4216; x_wconf 92' lang='lat'><em>-</em></span> <span class='ocrx_word' id='word_1_429' title='bbox 1068 4177 1205 4228; x_wconf 83' lang='lat' dir='ltr'><strong>Reiutatur</strong></span> <span class='ocrx_word' id='word_1_430' title='bbox 1217 4181 1303 4224; x_wconf 89' lang='lat' dir='ltr'><strong>autem</strong></span> 
     </span>
     <span class='ocr_line' id='line_1_44' title="bbox 198 4261 1303 4334; baseline -0.007 -16"><span class='ocrx_word' id='word_1_431' title='bbox 198 4269 293 4318; x_wconf 87' lang='lat' dir='ltr'><strong>idonea</strong></span> <span class='ocrx_word' id='word_1_432' title='bbox 313 4271 363 4320; x_wconf 91' lang='lat' dir='ltr'><strong>loci</strong></span> <span class='ocrx_word' id='word_1_433' title='bbox 382 4271 596 4334; x_wconf 68' lang='lat' dir='ltr'><strong>interpretatione</strong></span> <span class='ocrx_word' id='word_1_434' title='bbox 613 4268 725 4318; x_wconf 80' lang='lat' dir='ltr'><strong>Diouem</strong></span> <span class='ocrx_word' id='word_1_435' title='bbox 747 4277 774 4318; x_wconf 92' lang='lat' dir='ltr'><strong>et</strong></span> <span class='ocrx_word' id='word_1_436' title='bbox 791 4268 933 4318; x_wconf 76' lang='lat' dir='ltr'><strong>smusoun</strong></span> <span class='ocrx_word' id='word_1_437' title='bbox 956 4265 1057 4328; x_wconf 79' lang='lat' dir='ltr'><strong>opimo,</strong></span> <span class='ocrx_word' id='word_1_438' title='bbox 1081 4263 1124 4328; x_wconf 89' lang='lat' dir='ltr'><strong>qui</strong></span> <span class='ocrx_word' id='word_1_439' title='bbox 1142 4261 1303 4326; x_wconf 84' lang='lat' dir='ltr'><strong>Babylonem</strong></span> 
     </span>
     <span class='ocr_line' id='line_1_45' title="bbox 200 4349 1159 4418; baseline -0.008 -16"><span class='ocrx_word' id='word_1_440' title='bbox 200 4355 281 4404; x_wconf 90' lang='lat' dir='ltr'><strong>serius</strong></span> <span class='ocrx_word' id='word_1_441' title='bbox 298 4355 427 4406; x_wconf 87' lang='lat' dir='ltr'><strong>conditam</strong></span> <span class='ocrx_word' id='word_1_442' title='bbox 445 4369 503 4404; x_wconf 87' lang='lat' dir='ltr'><strong>esse</strong></span> <span class='ocrx_word' id='word_1_443' title='bbox 520 4367 597 4418; x_wconf 85' lang='lat' dir='ltr'><strong>quam</strong></span> <span class='ocrx_word' id='word_1_444' title='bbox 615 4352 713 4404; x_wconf 89' lang='lat' dir='ltr'><strong>Ninum</strong></span> <span class='ocrx_word' id='word_1_445' title='bbox 730 4353 879 4402; x_wconf 85' lang='lat' dir='ltr'><strong>docueruut.</strong></span> <span class='ocrx_word' id='word_1_446' title='bbox 899 4349 943 4401; x_wconf 87' lang='lat' dir='ltr'><strong>clr.</strong></span> <span class='ocrx_word' id='word_1_447' title='bbox 962 4349 1041 4402; x_wconf 82' lang='lat' dir='ltr'><strong>Tuon.</strong></span> <span class='ocrx_word' id='word_1_448' title='bbox 1060 4349 1076 4396; x_wconf 92' lang='lat' dir='ltr'><strong>l.</strong></span> <span class='ocrx_word' id='word_1_449' title='bbox 1089 4349 1106 4397; x_wconf 90' lang='lat' dir='ltr'><strong>l.</strong></span> <span class='ocrx_word' id='word_1_450' title='bbox 1157 4391 1159 4394; x_wconf 88' lang='lat'><strong>.</strong></span> 
     </span>
    </p>
   </div>
   <div class='ocr_carea' id='block_1_8' title="bbox 0 0 1575 4988">
    <p class='ocr_par' dir='ltr' id='par_1_10' title="bbox 0 0 1575 4988">
     <span class='ocr_line' id='line_1_46' title="bbox 0 0 1575 4988; baseline 0 0"><span class='ocrx_word' id='word_1_451' title='bbox 0 0 1575 4988; x_wconf 95' lang='lat' dir='ltr'><strong> </strong></span> 
     </span>
    </p>
   </div>
   <div class='ocr_carea' id='block_1_9' title="bbox 1559 853 1563 1436">
    <p class='ocr_par' dir='ltr' id='par_1_11' title="bbox 1559 853 1563 1436">
     <span class='ocr_line' id='line_1_47' title="bbox 1559 853 1563 1436; baseline 0 0"><span class='ocrx_word' id='word_1_452' title='bbox 1559 853 1563 1436; x_wconf 95' lang='lat' dir='ltr'><strong> </strong></span> 
     </span>
    </p>
   </div>
  </div>
 </body>
</html>
