<?xml version="1.0" encoding="UTF-8"?>
<!DOCTYPE html PUBLIC "-//W3C//DTD XHTML 1.0 Transitional//EN"
    "http://www.w3.org/TR/xhtml1/DTD/xhtml1-transitional.dtd">
<html xmlns="http://www.w3.org/1999/xhtml" xml:lang="en" lang="en">
 <head>
  <title>
</title>
<meta http-equiv="Content-Type" content="text/html;charset=utf-8" />
  <meta name='ocr-system' content='tesseract 3.04.00' />
  <meta name='ocr-capabilities' content='ocr_page ocr_carea ocr_par ocr_line ocrx_word'/>
</head>
<body>
  <div class='ocr_page' id='page_1' title='image "./nahumideninovat03stragoog/nahumideninovat03stragoog_0123.png"; bbox 0 0 3126 5000; ppageno 0'>
   <div class='ocr_carea' id='block_1_1' title="bbox 618 266 1279 346">
    <p class='ocr_par' dir='ltr' id='par_1_1' title="bbox 618 266 1279 346">
     <span class='ocr_line' id='line_1_1' title="bbox 618 266 1279 346; baseline -0.009 -14"><span class='ocrx_word' id='word_1_1' title='bbox 618 271 690 332; x_wconf 76' lang='lat' dir='ltr'>Car.</span> <span class='ocrx_word' id='word_1_2' title='bbox 704 271 734 346; x_wconf 85' lang='lat'>1,</span> <span class='ocrx_word' id='word_1_3' title='bbox 753 291 781 332; x_wconf 87' lang='lat' dir='ltr'>v.</span> <span class='ocrx_word' id='word_1_4' title='bbox 798 277 837 331; x_wconf 86' lang='lat'>10.</span> <span class='ocrx_word' id='word_1_5' title='bbox 1234 266 1279 338; x_wconf 84' lang='lat'>33</span> 
     </span>
    </p>
   </div>
   <div class='ocr_carea' id='block_1_2' title="bbox 176 455 1284 3548">
    <p class='ocr_par' dir='ltr' id='par_1_2' title="bbox 176 455 1284 3548">
     <span class='ocr_line' id='line_1_2' title="bbox 178 455 1282 536; baseline 0.001 -21"><span class='ocrx_word' id='word_1_6' title='bbox 178 457 362 536; x_wconf 78' lang='lat' dir='ltr'>aliorumque</span> <span class='ocrx_word' id='word_1_7' title='bbox 384 459 424 518; x_wconf 88' lang='lat' dir='ltr'>ad</span> <span class='ocrx_word' id='word_1_8' title='bbox 448 458 505 516; x_wconf 89' lang='lat' dir='ltr'>hoo</span> <span class='ocrx_word' id='word_1_9' title='bbox 520 457 636 517; x_wconf 87' lang='lat' dir='ltr'>utilium</span> <span class='ocrx_word' id='word_1_10' title='bbox 653 457 771 534; x_wconf 80' lang='lat' dir='ltr'>copiam</span> <span class='ocrx_word' id='word_1_11' title='bbox 793 455 1031 520; x_wconf 77' lang='lat' dir='ltr'><strong>subministraret</strong></span> <span class='ocrx_word' id='word_1_12' title='bbox 1043 456 1061 515; x_wconf 91' lang='lat'>¹.</span> <span class='ocrx_word' id='word_1_13' title='bbox 1094 455 1175 518; x_wconf 85' lang='lat' dir='ltr'>Toto</span> <span class='ocrx_word' id='word_1_14' title='bbox 1191 457 1282 534; x_wconf 81' lang='lat' dir='ltr'>igitur</span> 
     </span>
     <span class='ocr_line' id='line_1_3' title="bbox 178 557 1280 636; baseline 0 -20"><span class='ocrx_word' id='word_1_15' title='bbox 178 559 309 617; x_wconf 79' lang='lat' dir='ltr'>exercitu</span> <span class='ocrx_word' id='word_1_16' title='bbox 334 557 479 618; x_wconf 80' lang='lat' dir='ltr'>conviviis</span> <span class='ocrx_word' id='word_1_17' title='bbox 502 558 689 636; x_wconf 77' lang='lat' dir='ltr'>indulgente,</span> <span class='ocrx_word' id='word_1_18' title='bbox 715 558 835 631; x_wconf 87' lang='lat' dir='ltr'>Medos,</span> <span class='ocrx_word' id='word_1_19' title='bbox 859 577 912 634; x_wconf 91' lang='lat' dir='ltr'>per</span> <span class='ocrx_word' id='word_1_20' title='bbox 936 557 1105 634; x_wconf 76' lang='lat' dir='ltr'>transfugas</span> <span class='ocrx_word' id='word_1_21' title='bbox 1130 557 1167 616; x_wconf 90' lang='lat' dir='ltr'>de</span> <span class='ocrx_word' id='word_1_22' title='bbox 1190 559 1280 636; x_wconf 86' lang='lat' dir='ltr'>negli-</span> 
     </span>
     <span class='ocr_line' id='line_1_4' title="bbox 178 657 1283 736; baseline 0.002 -20"><span class='ocrx_word' id='word_1_23' title='bbox 178 659 278 736; x_wconf 83' lang='lat' dir='ltr'>gentia</span> <span class='ocrx_word' id='word_1_24' title='bbox 307 667 336 718; x_wconf 89' lang='lat' dir='ltr'>et</span> <span class='ocrx_word' id='word_1_25' title='bbox 362 659 504 718; x_wconf 81' lang='lat' dir='ltr'>ebrietate</span> <span class='ocrx_word' id='word_1_26' title='bbox 528 658 658 718; x_wconf 87' lang='lat' dir='ltr'>hostium</span> <span class='ocrx_word' id='word_1_27' title='bbox 681 659 818 731; x_wconf 79' lang='lat' dir='ltr'>edostos,</span> <span class='ocrx_word' id='word_1_28' title='bbox 848 665 938 718; x_wconf 88' lang='lat' dir='ltr'>nootu</span> <span class='ocrx_word' id='word_1_29' title='bbox 965 677 1004 716; x_wconf 89' lang='lat' dir='ltr'>ex</span> <span class='ocrx_word' id='word_1_30' title='bbox 1025 657 1189 734; x_wconf 88' lang='lat' dir='ltr'>improviso</span> <span class='ocrx_word' id='word_1_31' title='bbox 1213 658 1283 718; x_wconf 89' lang='lat' dir='ltr'>illos</span> 
     </span>
     <span class='ocr_line' id='line_1_5' title="bbox 178 742 1283 836; baseline 0.001 -19"><span class='ocrx_word' id='word_1_32' title='bbox 178 759 383 835; x_wconf 74' lang='lat' dir='ltr'>oppressisse,</span> <span class='ocrx_word' id='word_1_33' title='bbox 414 767 505 836; x_wconf 85' lang='lat' dir='ltr'>etque</span> <span class='ocrx_word' id='word_1_34' title='bbox 527 759 570 817; x_wconf 82' lang='lat' dir='ltr'>ita</span> <span class='ocrx_word' id='word_1_35' title='bbox 601 766 671 834; x_wconf 87' lang='lat' dir='ltr'>post</span> <span class='ocrx_word' id='word_1_36' title='bbox 694 742 783 818; x_wconf 88' lang='lat' dir='ltr'>trium</span> <span class='ocrx_word' id='word_1_37' title='bbox 806 777 951 818; x_wconf 89' lang='lat' dir='ltr'>annorum</span> <span class='ocrx_word' id='word_1_38' title='bbox 974 757 1159 828; x_wconf 79' lang='lat' dir='ltr'>obsidionem</span> <span class='ocrx_word' id='word_1_39' title='bbox 1181 759 1283 818; x_wconf 87' lang='lat' dir='ltr'>urbem</span> 
     </span>
     <span class='ocr_line' id='line_1_6' title="bbox 178 859 1283 938; baseline 0.002 -20"><span class='ocrx_word' id='word_1_40' title='bbox 178 877 370 936; x_wconf 78' lang='lat' dir='ltr'>expugnasse</span> <span class='ocrx_word' id='word_1_41' title='bbox 388 867 418 918; x_wconf 88' lang='lat' dir='ltr'>et</span> <span class='ocrx_word' id='word_1_42' title='bbox 435 859 500 922; x_wconf 90' lang='lat' dir='ltr'>solo</span> <span class='ocrx_word' id='word_1_43' title='bbox 517 877 672 938; x_wconf 79' lang='lat' dir='ltr'>aequasse.</span> <span class='ocrx_word' id='word_1_44' title='bbox 702 860 818 934; x_wconf 78' lang='lat' dir='ltr'>Quibus</span> <span class='ocrx_word' id='word_1_45' title='bbox 837 859 862 920; x_wconf 84' lang='lat' dir='ltr'>si</span> <span class='ocrx_word' id='word_1_46' title='bbox 879 859 1015 920; x_wconf 88' lang='lat' dir='ltr'>habenda</span> <span class='ocrx_word' id='word_1_47' title='bbox 1030 859 1104 918; x_wconf 86' lang='lat' dir='ltr'>fides</span> <span class='ocrx_word' id='word_1_48' title='bbox 1121 867 1182 932; x_wconf 89' lang='lat' dir='ltr'>est,</span> <span class='ocrx_word' id='word_1_49' title='bbox 1205 860 1283 920; x_wconf 85' lang='lat' dir='ltr'>vatis</span> 
     </span>
     <span class='ocr_line' id='line_1_7' title="bbox 179 960 1226 1037; baseline 0 -17"><span class='ocrx_word' id='word_1_50' title='bbox 179 961 273 1020; x_wconf 90' lang='lat' dir='ltr'>verba</span> <span class='ocrx_word' id='word_1_51' title='bbox 291 960 437 1020; x_wconf 87' lang='lat' dir='ltr'>translato</span> <span class='ocrx_word' id='word_1_52' title='bbox 456 979 545 1020; x_wconf 87' lang='lat' dir='ltr'>sensu</span> <span class='ocrx_word' id='word_1_53' title='bbox 561 960 713 1022; x_wconf 82' lang='lat' dir='ltr'>enuntiato</span> <span class='ocrx_word' id='word_1_54' title='bbox 729 961 769 1019; x_wconf 88' lang='lat' dir='ltr'>ad</span> <span class='ocrx_word' id='word_1_55' title='bbox 785 960 902 1018; x_wconf 79' lang='lat' dir='ltr'>literam</span> <span class='ocrx_word' id='word_1_56' title='bbox 920 968 1066 1037; x_wconf 87' lang='lat' dir='ltr'>apparent</span> <span class='ocrx_word' id='word_1_57' title='bbox 1082 960 1226 1020; x_wconf 81' lang='lat' dir='ltr'>coniecta.</span> 
     </span>
     <span class='ocr_line' id='line_1_8' title="bbox 231 1059 1282 1138; baseline 0 -20"><span class='ocrx_word' id='word_1_58' title='bbox 231 1059 300 1134; x_wconf 80' lang='lat' dir='ltr'>Quo</span> <span class='ocrx_word' id='word_1_59' title='bbox 318 1060 408 1138; x_wconf 79' lang='lat' dir='ltr'>igitur</span> <span class='ocrx_word' id='word_1_60' title='bbox 425 1060 588 1121; x_wconf 88' lang='lat' dir='ltr'>seeuriores</span> <span class='ocrx_word' id='word_1_61' title='bbox 606 1068 675 1120; x_wconf 91' lang='lat' dir='ltr'>sunt</span> <span class='ocrx_word' id='word_1_62' title='bbox 692 1069 722 1119; x_wconf 88' lang='lat' dir='ltr'>et</span> <span class='ocrx_word' id='word_1_63' title='bbox 737 1061 943 1137; x_wconf 86' lang='lat' dir='ltr'>superbiores,</span> <span class='ocrx_word' id='word_1_64' title='bbox 961 1079 996 1118; x_wconf 92' lang='lat' dir='ltr'>eo</span> <span class='ocrx_word' id='word_1_65' title='bbox 1010 1059 1195 1120; x_wconf 80' lang='lat' dir='ltr'>debellentur</span> <span class='ocrx_word' id='word_1_66' title='bbox 1210 1061 1282 1120; x_wconf 81' lang='lat' dir='ltr'>feei·</span> 
     </span>
     <span class='ocr_line' id='line_1_9' title="bbox 178 1161 1281 1239; baseline 0.001 -20"><span class='ocrx_word' id='word_1_67' title='bbox 178 1161 236 1220; x_wconf 91' lang='lat' dir='ltr'>lius</span> <span class='ocrx_word' id='word_1_68' title='bbox 243 1181 251 1232; x_wconf 84' lang='lat'>3</span> <span class='ocrx_word' id='word_1_69' title='bbox 284 1161 315 1218; x_wconf 93' lang='lat' dir='ltr'>id</span> <span class='ocrx_word' id='word_1_70' title='bbox 338 1163 418 1239; x_wconf 87' lang='lat' dir='ltr'>quod</span> <span class='ocrx_word' id='word_1_71' title='bbox 445 1162 574 1239; x_wconf 80' lang='lat' dir='ltr'>imagine</span> <span class='ocrx_word' id='word_1_72' title='bbox 595 1161 718 1238; x_wconf 90' lang='lat' dir='ltr'>rapidae</span> <span class='ocrx_word' id='word_1_73' title='bbox 745 1161 959 1222; x_wconf 80' lang='lat' dir='ltr'>combustionis</span> <span class='ocrx_word' id='word_1_74' title='bbox 989 1161 1158 1236; x_wconf 83' lang='lat' dir='ltr'>exponitur.</span> <span class='ocrx_word' id='word_1_75' title='bbox 1210 1161 1281 1220; x_wconf 78' lang='lat' dir='ltr'>Cort-</span> 
     </span>
     <span class='ocr_line' id='line_1_10' title="bbox 177 1259 1283 1339; baseline 0.005 -20"><span class='ocrx_word' id='word_1_76' title='bbox 177 1264 263 1319; x_wconf 78' lang='lat' dir='ltr'>mmti</span> <span class='ocrx_word' id='word_1_77' title='bbox 282 1271 347 1320; x_wconf 82' lang='lat' dir='ltr'>suot</span> <span class='ocrx_word' id='word_1_78' title='bbox 365 1259 460 1337; x_wconf 64' lang='lat' dir='ltr'>(ebore</span> <span class='ocrx_word' id='word_1_79' title='bbox 481 1271 576 1339; x_wconf 74' lang='lat' dir='ltr'>praet.</span> <span class='ocrx_word' id='word_1_80' title='bbox 591 1263 714 1339; x_wconf 66' lang='lat' dir='ltr'>proph„</span> <span class='ocrx_word' id='word_1_81' title='bbox 728 1262 766 1322; x_wconf 85' lang='lat' dir='ltr'>sd</span> <span class='ocrx_word' id='word_1_82' title='bbox 784 1263 946 1322; x_wconf 78' lang='lat' dir='ltr'>notandam</span> <span class='ocrx_word' id='word_1_83' title='bbox 959 1261 1173 1322; x_wconf 86' lang='lat' dir='ltr'>vehementiam</span> <span class='ocrx_word' id='word_1_84' title='bbox 1185 1261 1283 1324; x_wconf 81' lang='lat' dir='ltr'>forma</span> 
     </span>
     <span class='ocr_line' id='line_1_11' title="bbox 178 1361 1281 1442; baseline 0.004 -22"><span class='ocrx_word' id='word_1_85' title='bbox 178 1362 256 1420; x_wconf 89' lang='lat' dir='ltr'>Pual</span> <span class='ocrx_word' id='word_1_86' title='bbox 286 1365 483 1442; x_wconf 86' lang='lat' dir='ltr'>expressum)</span> <span class='ocrx_word' id='word_1_87' title='bbox 506 1364 581 1422; x_wconf 82' lang='lat' dir='ltr'>velet</span> <span class='ocrx_word' id='word_1_88' title='bbox 608 1364 714 1438; x_wconf 72' lang='lat' dir='ltr'>rupelo</span> <span class='ocrx_word' id='word_1_89' title='bbox 737 1365 839 1433; x_wconf 55' lang='lat' dir='ltr'>aresta,</span> <span class='ocrx_word' id='word_1_90' title='bbox 870 1363 923 1422; x_wconf 83' lang='lat' dir='ltr'>eir.</span> <span class='ocrx_word' id='word_1_91' title='bbox 941 1363 998 1424; x_wconf 92' lang='lat' dir='ltr'>Ies.</span> <span class='ocrx_word' id='word_1_92' title='bbox 1013 1361 1051 1434; x_wconf 91' lang='lat' dir='ltr'>V,</span> <span class='ocrx_word' id='word_1_93' title='bbox 1075 1366 1123 1434; x_wconf 79' lang='lat'>243</span> <span class='ocrx_word' id='word_1_94' title='bbox 1153 1361 1281 1437; x_wconf 86' lang='lat' dir='ltr'>XLVII,</span> 
     </span>
     <span class='ocr_line' id='line_1_12' title="bbox 180 1461 1281 1540; baseline 0.002 -20"><span class='ocrx_word' id='word_1_95' title='bbox 180 1467 228 1535; x_wconf 80' lang='lat'>143</span> <span class='ocrx_word' id='word_1_96' title='bbox 251 1462 315 1521; x_wconf 91' lang='lat' dir='ltr'>Ioel</span> <span class='ocrx_word' id='word_1_97' title='bbox 332 1463 378 1536; x_wconf 90' lang='lat' dir='ltr'>ll,</span> <span class='ocrx_word' id='word_1_98' title='bbox 402 1466 437 1535; x_wconf 82' lang='lat'>53</span> <span class='ocrx_word' id='word_1_99' title='bbox 461 1462 570 1522; x_wconf 86' lang='lat' dir='ltr'>Obadi.</span> <span class='ocrx_word' id='word_1_100' title='bbox 589 1484 617 1522; x_wconf 84' lang='lat' dir='ltr'>v.</span> <span class='ocrx_word' id='word_1_101' title='bbox 636 1467 668 1521; x_wconf 80' lang='lat'>18</span> <span class='ocrx_word' id='word_1_102' title='bbox 689 1462 771 1539; x_wconf 87' lang='lat' dir='ltr'>(eoll.</span> <span class='ocrx_word' id='word_1_103' title='bbox 790 1461 999 1524; x_wconf 76' lang='lat' dir='ltr'>ScHNURaaao</span> <span class='ocrx_word' id='word_1_104' title='bbox 1017 1483 1046 1522; x_wconf 83' lang='lat' dir='ltr'>a.</span> <span class='ocrx_word' id='word_1_105' title='bbox 1062 1463 1093 1522; x_wconf 91' lang='lat' dir='ltr'>h.</span> <span class='ocrx_word' id='word_1_106' title='bbox 1109 1463 1163 1540; x_wconf 89' lang='lat' dir='ltr'>l.);</span> <span class='ocrx_word' id='word_1_107' title='bbox 1193 1461 1281 1524; x_wconf 83' lang='lat' dir='ltr'>Saeh.</span> 
     </span>
     <span class='ocr_line' id='line_1_13' title="bbox 178 1563 1281 1648; baseline 0.001 -26"><span class='ocrx_word' id='word_1_108' title='bbox 178 1563 255 1637; x_wconf 88' lang='lat' dir='ltr'>XII,</span> <span class='ocrx_word' id='word_1_109' title='bbox 274 1568 305 1636; x_wconf 90' lang='grc'>6,</span> <span class='ocrx_word' id='word_1_110' title='bbox 333 1583 393 1641; x_wconf 83' lang='lat' dir='ltr'>que</span> <span class='ocrx_word' id='word_1_111' title='bbox 410 1571 440 1648; x_wconf 79' lang='lat' dir='ltr'>et</span> <span class='ocrx_word' id='word_1_112' title='bbox 456 1563 557 1623; x_wconf 81' lang='lat' dir='ltr'>vilitas</span> <span class='ocrx_word' id='word_1_113' title='bbox 580 1582 682 1623; x_wconf 89' lang='lat' dir='ltr'>eorum</span> <span class='ocrx_word' id='word_1_114' title='bbox 705 1565 920 1623; x_wconf 84' lang='lat' dir='ltr'>contemnenda</span> <span class='ocrx_word' id='word_1_115' title='bbox 937 1563 1134 1640; x_wconf 78' lang='lat' dir='ltr'>significatur,</span> <span class='ocrx_word' id='word_1_116' title='bbox 1158 1563 1210 1622; x_wconf 87' lang='lat' dir='ltr'>eir.</span> <span class='ocrx_word' id='word_1_117' title='bbox 1228 1564 1281 1623; x_wconf 92' lang='lat' dir='ltr'>Ps.</span> 
     </span>
     <span class='ocr_line' id='line_1_14' title="bbox 178 1663 1282 1740; baseline 0.002 -19"><span class='ocrx_word' id='word_1_118' title='bbox 178 1664 212 1737; x_wconf 89' lang='lat' dir='ltr'>l,</span> <span class='ocrx_word' id='word_1_119' title='bbox 229 1669 246 1721; x_wconf 83' lang='lat'><strong>4</strong></span> <span class='ocrx_word' id='word_1_120' title='bbox 265 1663 331 1736; x_wconf 86' lang='lat' dir='ltr'>all,</span> <span class='ocrx_word' id='word_1_121' title='bbox 355 1673 385 1722; x_wconf 91' lang='lat' dir='ltr'>et</span> <span class='ocrx_word' id='word_1_122' title='bbox 409 1664 605 1740; x_wconf 71' lang='lat' dir='ltr'>amplificatur</span> <span class='ocrx_word' id='word_1_123' title='bbox 623 1663 774 1740; x_wconf 85' lang='lat' dir='ltr'>spinarum</span> <span class='ocrx_word' id='word_1_124' title='bbox 798 1664 975 1737; x_wconf 90' lang='lat' dir='ltr'>similitudo,</span> <span class='ocrx_word' id='word_1_125' title='bbox 998 1663 1106 1740; x_wconf 89' lang='lat' dir='ltr'>quibus</span> <span class='ocrx_word' id='word_1_126' title='bbox 1128 1664 1282 1740; x_wconf 91' lang='lat' dir='ltr'>proprium</span> 
     </span>
     <span class='ocr_line' id='line_1_15' title="bbox 177 1763 1282 1842; baseline 0.001 -21"><span class='ocrx_word' id='word_1_127' title='bbox 177 1763 238 1822; x_wconf 84' lang='lat' dir='ltr'>iem</span> <span class='ocrx_word' id='word_1_128' title='bbox 255 1763 330 1840; x_wconf 86' lang='lat' dir='ltr'>ipsis</span> <span class='ocrx_word' id='word_1_129' title='bbox 346 1771 405 1838; x_wconf 91' lang='lat' dir='ltr'>est,</span> <span class='ocrx_word' id='word_1_130' title='bbox 425 1765 506 1842; x_wconf 92' lang='lat' dir='ltr'>quod</span> <span class='ocrx_word' id='word_1_131' title='bbox 523 1765 655 1824; x_wconf 80' lang='lat' dir='ltr'>celeriter</span> <span class='ocrx_word' id='word_1_132' title='bbox 670 1764 739 1841; x_wconf 85' lang='lat' dir='ltr'>igne</span> <span class='ocrx_word' id='word_1_133' title='bbox 756 1776 976 1825; x_wconf 81' lang='lat' dir='ltr'>consumuntur.</span> <span class='ocrx_word' id='word_1_134' title='bbox 1000 1763 1166 1824; x_wconf 86' lang='lat' dir='ltr'>Absolutae</span> <span class='ocrx_word' id='word_1_135' title='bbox 1183 1773 1282 1823; x_wconf 90' lang='lat' dir='ltr'>autem</span> 
     </span>
     <span class='ocr_line' id='line_1_16' title="bbox 176 1859 1280 1943; baseline 0.001 -20"><span class='ocrx_word' id='word_1_136' title='bbox 176 1864 388 1924; x_wconf 75' lang='lat' dir='ltr'>internecionis</span> <span class='ocrx_word' id='word_1_137' title='bbox 409 1864 510 1943; x_wconf 79' lang='lat' dir='ltr'>imago</span> <span class='ocrx_word' id='word_1_138' title='bbox 537 1873 661 1942; x_wconf 80' lang='lat' dir='ltr'>augetur</span> <span class='ocrx_word' id='word_1_139' title='bbox 683 1866 773 1924; x_wconf 86' lang='lat' dir='ltr'>etiam</span> <span class='ocrx_word' id='word_1_140' title='bbox 796 1873 929 1925; x_wconf 83' lang='lat' dir='ltr'>extremo</span> <span class='ocrx_word' id='word_1_141' title='bbox 952 1882 1055 1924; x_wconf 81' lang='lat' dir='ltr'>versus</span> <span class='ocrx_word' id='word_1_142' title='bbox 1076 1865 1168 1924; x_wconf 84' lang='lat' dir='ltr'>verbo</span> <span class='ocrx_word' id='word_1_143' title='bbox 1195 1859 1280 1939; x_wconf 71' lang='lat' dir='ltr'>trba,</span> 
     </span>
     <span class='ocr_line' id='line_1_17' title="bbox 178 1965 1280 2044; baseline 0.004 -22"><span class='ocrx_word' id='word_1_144' title='bbox 178 1965 260 2043; x_wconf 89' lang='lat' dir='ltr'>quod</span> <span class='ocrx_word' id='word_1_145' title='bbox 282 1984 338 2040; x_wconf 91' lang='lat' dir='ltr'>pro</span> <span class='ocrx_word' id='word_1_146' title='bbox 361 1965 504 2026; x_wconf 74' lang='lat' dir='ltr'>adverbio</span> <span class='ocrx_word' id='word_1_147' title='bbox 526 1967 695 2043; x_wconf 85' lang='lat' dir='ltr'>oooepimus</span> <span class='ocrx_word' id='word_1_148' title='bbox 717 1967 817 2044; x_wconf 86' lang='lat' dir='ltr'>plene,</span> <span class='ocrx_word' id='word_1_149' title='bbox 847 1965 943 2043; x_wconf 90' lang='lat' dir='ltr'>plenis</span> <span class='ocrx_word' id='word_1_150' title='bbox 966 1965 1095 2038; x_wconf 75' lang='lat' dir='ltr'>acerris,</span> <span class='ocrx_word' id='word_1_151' title='bbox 1118 1966 1280 2040; x_wconf 79' lang='lat' dir='ltr'>turmatim,</span> 
     </span>
     <span class='ocr_line' id='line_1_18' title="bbox 178 2064 1281 2140; baseline 0.002 -15"><span class='ocrx_word' id='word_1_152' title='bbox 178 2084 244 2125; x_wconf 87' lang='lat' dir='ltr'>eum</span> <span class='ocrx_word' id='word_1_153' title='bbox 266 2065 351 2138; x_wconf 81' lang='lat' dir='ltr'>lom,</span> <span class='ocrx_word' id='word_1_154' title='bbox 375 2064 525 2140; x_wconf 75' lang='lat' dir='ltr'>Senum,</span> <span class='ocrx_word' id='word_1_155' title='bbox 554 2067 579 2131; x_wconf 83' lang='grc' dir='ltr'>Ι,</span> <span class='ocrx_word' id='word_1_156' title='bbox 599 2067 639 2126; x_wconf 91' lang='lat' dir='ltr'>H.</span> <span class='ocrx_word' id='word_1_157' title='bbox 658 2067 769 2140; x_wconf 78' lang='lat' dir='ltr'>Mrem,</span> <span class='ocrx_word' id='word_1_158' title='bbox 794 2065 911 2126; x_wconf 83' lang='lat' dir='ltr'>Gasuu.</span> <span class='ocrx_word' id='word_1_159' title='bbox 935 2067 1026 2138; x_wconf 81' lang='lat' dir='ltr'>thes,</span> <span class='ocrx_word' id='word_1_160' title='bbox 1056 2066 1159 2126; x_wconf 75' lang='lat' dir='ltr'>Maure.</span> <span class='ocrx_word' id='word_1_161' title='bbox 1183 2066 1226 2126; x_wconf 83' lang='lat' dir='ltr'>ita</span> <span class='ocrx_word' id='word_1_162' title='bbox 1248 2075 1281 2127; x_wconf 89' lang='lat' dir='ltr'>ut</span> 
     </span>
     <span class='ocr_line' id='line_1_19' title="bbox 177 2167 1280 2245; baseline 0.002 -21"><span class='ocrx_word' id='word_1_163' title='bbox 177 2167 358 2243; x_wconf 88' lang='lat' dir='ltr'>respoudeat</span> <span class='ocrx_word' id='word_1_164' title='bbox 379 2167 599 2245; x_wconf 85' lang='lat' dir='ltr'>quodammodo</span> <span class='ocrx_word' id='word_1_165' title='bbox 622 2187 651 2227; x_wconf 87' lang='lat' dir='ltr'>v.</span> <span class='ocrx_word' id='word_1_166' title='bbox 669 2181 774 2229; x_wconf 53' lang='lat' dir='ltr'>nenne.</span> <span class='ocrx_word' id='word_1_167' title='bbox 818 2168 881 2226; x_wconf 86' lang='lat' dir='ltr'>Alii</span> <span class='ocrx_word' id='word_1_168' title='bbox 903 2167 977 2226; x_wconf 90' lang='lat' dir='ltr'>nihil</span> <span class='ocrx_word' id='word_1_169' title='bbox 1000 2167 1155 2244; x_wconf 77' lang='lat' dir='ltr'>designare</span> <span class='ocrx_word' id='word_1_170' title='bbox 1176 2187 1280 2226; x_wconf 85' lang='lat' dir='ltr'>vocem</span> 
     </span>
     <span class='ocr_line' id='line_1_20' title="bbox 177 2266 1282 2344; baseline 0.003 -19"><span class='ocrx_word' id='word_1_171' title='bbox 177 2274 298 2344; x_wconf 82' lang='lat' dir='ltr'>putant,</span> <span class='ocrx_word' id='word_1_172' title='bbox 322 2286 428 2344; x_wconf 84' lang='lat' dir='ltr'>quem:</span> <span class='ocrx_word' id='word_1_173' title='bbox 445 2267 588 2343; x_wconf 80' lang='lat' dir='ltr'>periente,</span> <span class='ocrx_word' id='word_1_174' title='bbox 607 2269 739 2344; x_wconf 86' lang='lat' dir='ltr'>penitus,</span> <span class='ocrx_word' id='word_1_175' title='bbox 757 2269 899 2328; x_wconf 70' lang='lat' dir='ltr'>Ferarum</span> <span class='ocrx_word' id='word_1_176' title='bbox 907 2266 927 2340; x_wconf 83' lang='lat'>²,</span> <span class='ocrx_word' id='word_1_177' title='bbox 944 2266 1052 2340; x_wconf 83' lang='lat' dir='ltr'>Hrrz.;</span> <span class='ocrx_word' id='word_1_178' title='bbox 1075 2286 1191 2341; x_wconf 85' lang='lat' dir='ltr'>verum,</span> <span class='ocrx_word' id='word_1_179' title='bbox 1210 2269 1282 2344; x_wconf 85' lang='lat' dir='ltr'>quia</span> 
     </span>
     <span class='ocr_line' id='line_1_21' title="bbox 177 2365 1281 2444; baseline 0.003 -19"><span class='ocrx_word' id='word_1_180' title='bbox 177 2367 301 2444; x_wconf 89' lang='lat' dir='ltr'>reliquis</span> <span class='ocrx_word' id='word_1_181' title='bbox 319 2385 422 2426; x_wconf 85' lang='lat' dir='ltr'>versus</span> <span class='ocrx_word' id='word_1_182' title='bbox 439 2367 592 2427; x_wconf 87' lang='lat' dir='ltr'>sententiis</span> <span class='ocrx_word' id='word_1_183' title='bbox 609 2368 683 2428; x_wconf 90' lang='lat' dir='ltr'>satis</span> <span class='ocrx_word' id='word_1_184' title='bbox 699 2368 759 2425; x_wconf 90' lang='lat' dir='ltr'>iam</span> <span class='ocrx_word' id='word_1_185' title='bbox 777 2367 975 2444; x_wconf 77' lang='lat' dir='ltr'>significatum</span> <span class='ocrx_word' id='word_1_186' title='bbox 990 2365 1122 2438; x_wconf 88' lang='lat' dir='ltr'>videtur,</span> <span class='ocrx_word' id='word_1_187' title='bbox 1146 2366 1281 2428; x_wconf 89' lang='lat' dir='ltr'>funditus</span> 
     </span>
     <span class='ocr_line' id='line_1_22' title="bbox 178 2465 1281 2544; baseline 0.001 -19"><span class='ocrx_word' id='word_1_188' title='bbox 178 2465 244 2525; x_wconf 93' lang='lat' dir='ltr'>tolli</span> <span class='ocrx_word' id='word_1_189' title='bbox 260 2465 421 2543; x_wconf 84' lang='lat' dir='ltr'>Assyrios,</span> <span class='ocrx_word' id='word_1_190' title='bbox 445 2466 539 2526; x_wconf 88' lang='lat' dir='ltr'>satius</span> <span class='ocrx_word' id='word_1_191' title='bbox 561 2468 718 2540; x_wconf 88' lang='lat' dir='ltr'>habemus,</span> <span class='ocrx_word' id='word_1_192' title='bbox 743 2467 773 2526; x_wconf 93' lang='lat' dir='ltr'>h.</span> <span class='ocrx_word' id='word_1_193' title='bbox 791 2486 819 2526; x_wconf 84' lang='lat' dir='ltr'>v.</span> <span class='ocrx_word' id='word_1_194' title='bbox 838 2465 1069 2544; x_wconf 75' lang='lat' dir='ltr'>magnitudinem</span> <span class='ocrx_word' id='word_1_195' title='bbox 1090 2473 1120 2525; x_wconf 86' lang='lat' dir='ltr'>et</span> <span class='ocrx_word' id='word_1_196' title='bbox 1135 2467 1281 2528; x_wconf 55' lang='lat' dir='ltr'>universi*</span> 
     </span>
     <span class='ocr_line' id='line_1_23' title="bbox 176 2565 1281 2644; baseline 0.002 -18"><span class='ocrx_word' id='word_1_197' title='bbox 176 2575 269 2626; x_wconf 90' lang='lat' dir='ltr'>tatem</span> <span class='ocrx_word' id='word_1_198' title='bbox 286 2565 395 2626; x_wconf 81' lang='lat' dir='ltr'>excidii</span> <span class='ocrx_word' id='word_1_199' title='bbox 411 2567 548 2644; x_wconf 86' lang='lat' dir='ltr'>exprimi.</span> <span class='ocrx_word' id='word_1_200' title='bbox 582 2567 750 2628; x_wconf 86' lang='lat' dir='ltr'>Referenda</span> <span class='ocrx_word' id='word_1_201' title='bbox 765 2573 864 2626; x_wconf 89' lang='lat' dir='ltr'>autem</span> <span class='ocrx_word' id='word_1_202' title='bbox 880 2566 1015 2626; x_wconf 88' lang='lat' dir='ltr'>adverbii</span> <span class='ocrx_word' id='word_1_203' title='bbox 1035 2566 1114 2626; x_wconf 86' lang='lat' dir='ltr'>ratio</span> <span class='ocrx_word' id='word_1_204' title='bbox 1131 2567 1169 2628; x_wconf 89' lang='lat' dir='ltr'>ad</span> <span class='ocrx_word' id='word_1_205' title='bbox 1187 2576 1281 2628; x_wconf 83' lang='lat' dir='ltr'>totam</span> 
     </span>
     <span class='ocr_line' id='line_1_24' title="bbox 177 2667 1281 2747; baseline 0.002 -21"><span class='ocrx_word' id='word_1_206' title='bbox 177 2667 409 2728; x_wconf 89' lang='lat' dir='ltr'>enuntiationem</span> <span class='ocrx_word' id='word_1_207' title='bbox 426 2668 558 2742; x_wconf 86' lang='lat' dir='ltr'>videtur,</span> <span class='ocrx_word' id='word_1_208' title='bbox 584 2687 679 2747; x_wconf 91' lang='lat' dir='ltr'>neque</span> <span class='ocrx_word' id='word_1_209' title='bbox 700 2669 740 2729; x_wconf 90' lang='lat' dir='ltr'>ad</span> <span class='ocrx_word' id='word_1_210' title='bbox 764 2669 860 2728; x_wconf 85' lang='lat' dir='ltr'>solam</span> <span class='ocrx_word' id='word_1_211' title='bbox 882 2667 1050 2728; x_wconf 83' lang='lat' dir='ltr'>ariditatem</span> <span class='ocrx_word' id='word_1_212' title='bbox 1067 2668 1281 2745; x_wconf 83' lang='lat' dir='ltr'>restringenda,</span> 
     </span>
     <span class='ocr_line' id='line_1_25' title="bbox 177 2768 1281 2848; baseline 0.003 -21"><span class='ocrx_word' id='word_1_213' title='bbox 177 2769 221 2827; x_wconf 89' lang='lat' dir='ltr'>uti</span> <span class='ocrx_word' id='word_1_214' title='bbox 244 2777 421 2828; x_wconf 77' lang='lat' dir='ltr'>censuerunt</span> <span class='ocrx_word' id='word_1_215' title='bbox 437 2769 569 2829; x_wconf 89' lang='lat' dir='ltr'>Iudaei</span> <span class='ocrx_word' id='word_1_216' title='bbox 588 2769 723 2848; x_wconf 86' lang='lat' dir='ltr'>plerique</span> <span class='ocrx_word' id='word_1_217' title='bbox 739 2768 811 2845; x_wconf 85' lang='lat' dir='ltr'>(eir.</span> <span class='ocrx_word' id='word_1_218' title='bbox 830 2769 972 2828; x_wconf 73' lang='lat' dir='ltr'>Faenum.</span> <span class='ocrx_word' id='word_1_219' title='bbox 991 2788 1020 2846; x_wconf 94' lang='lat' dir='ltr'>p.</span> <span class='ocrx_word' id='word_1_220' title='bbox 1034 2769 1102 2847; x_wconf 73' lang='lat'>20),</span> <span class='ocrx_word' id='word_1_221' title='bbox 1125 2785 1167 2830; x_wconf 81' lang='lat' dir='ltr'>na</span> <span class='ocrx_word' id='word_1_222' title='bbox 1185 2769 1281 2844; x_wconf 76' lang='lat' dir='ltr'>Dmtt,</span> 
     </span>
     <span class='ocr_line' id='line_1_26' title="bbox 177 2867 1282 2948; baseline 0.003 -21"><span class='ocrx_word' id='word_1_223' title='bbox 177 2869 261 2943; x_wconf 74' lang='lat' dir='ltr'>Eva,</span> <span class='ocrx_word' id='word_1_224' title='bbox 284 2868 386 2929; x_wconf 77' lang='lat' dir='ltr'>Ursae.</span> <span class='ocrx_word' id='word_1_225' title='bbox 429 2867 511 2930; x_wconf 85' lang='lat' dir='ltr'>Satis</span> <span class='ocrx_word' id='word_1_226' title='bbox 531 2870 672 2948; x_wconf 86' lang='lat' dir='ltr'>impedite</span> <span class='ocrx_word' id='word_1_227' title='bbox 694 2872 841 2931; x_wconf 74' lang='lat' dir='ltr'>Hennam.</span> <span class='ocrx_word' id='word_1_228' title='bbox 866 2870 956 2931; x_wconf 86' lang='lat' dir='ltr'>vertit</span> <span class='ocrx_word' id='word_1_229' title='bbox 979 2869 1063 2944; x_wconf 87' lang='lat' dir='ltr'>„voll</span> <span class='ocrx_word' id='word_1_230' title='bbox 1088 2869 1227 2944; x_wconf 85' lang='lat' dir='ltr'>Meass“,</span> <span class='ocrx_word' id='word_1_231' title='bbox 1253 2879 1282 2930; x_wconf 90' lang='lat' dir='ltr'>et</span> 
     </span>
     <span class='ocr_line' id='line_1_27' title="bbox 178 2969 1284 3047; baseline 0.003 -18"><span class='ocrx_word' id='word_1_232' title='bbox 178 2989 281 3029; x_wconf 88' lang='lat' dir='ltr'>voeem</span> <span class='ocrx_word' id='word_1_233' title='bbox 296 2970 476 3047; x_wconf 85' lang='lat' dir='ltr'>respondere</span> <span class='ocrx_word' id='word_1_234' title='bbox 493 2985 751 3033; x_wconf 63' lang='lat' dir='ltr'>perstrennuus</span> <span class='ocrx_word' id='word_1_235' title='bbox 767 2980 937 3044; x_wconf 81' lang='lat' dir='ltr'>asseverat,</span> <span class='ocrx_word' id='word_1_236' title='bbox 962 2969 1048 3032; x_wconf 81' lang='lat' dir='ltr'>sieuti</span> <span class='ocrx_word' id='word_1_237' title='bbox 1071 2970 1181 3047; x_wconf 90' lang='lat' dir='ltr'>stipula</span> <span class='ocrx_word' id='word_1_238' title='bbox 1198 2970 1284 3032; x_wconf 87' lang='lat' dir='ltr'>arida</span> 
     </span>
     <span class='ocr_line' id='line_1_28' title="bbox 178 3070 1283 3146; baseline 0.004 -18"><span class='ocrx_word' id='word_1_239' title='bbox 178 3070 334 3129; x_wconf 82' lang='lat' dir='ltr'>referenda</span> <span class='ocrx_word' id='word_1_240' title='bbox 349 3070 389 3128; x_wconf 88' lang='lat' dir='ltr'>ad</span> <span class='ocrx_word' id='word_1_241' title='bbox 411 3070 515 3146; x_wconf 86' lang='lat' dir='ltr'>spinos</span> <span class='ocrx_word' id='word_1_242' title='bbox 533 3079 619 3130; x_wconf 88' lang='lat' dir='ltr'>esset.</span> <span class='ocrx_word' id='word_1_243' title='bbox 639 3103 675 3115; x_wconf 91' lang='lat'><em>-</em></span> <span class='ocrx_word' id='word_1_244' title='bbox 706 3073 749 3130; x_wconf 81' lang='lat' dir='ltr'>At</span> <span class='ocrx_word' id='word_1_245' title='bbox 765 3091 826 3130; x_wconf 90' lang='lat' dir='ltr'>uon</span> <span class='ocrx_word' id='word_1_246' title='bbox 843 3072 1011 3142; x_wconf 85' lang='lat' dir='ltr'>defuerunt,</span> <span class='ocrx_word' id='word_1_247' title='bbox 1038 3070 1088 3146; x_wconf 89' lang='lat' dir='ltr'>qui</span> <span class='ocrx_word' id='word_1_248' title='bbox 1106 3071 1283 3132; x_wconf 87' lang='lat' dir='ltr'>adieetivum</span> 
     </span>
     <span class='ocr_line' id='line_1_29' title="bbox 179 3167 1283 3250; baseline 0.001 -20"><span class='ocrx_word' id='word_1_249' title='bbox 179 3188 245 3230; x_wconf 89' lang='lat' dir='ltr'>esse</span> <span class='ocrx_word' id='word_1_250' title='bbox 262 3178 413 3229; x_wconf 78' lang='lat' dir='ltr'>censerent</span> <span class='ocrx_word' id='word_1_251' title='bbox 435 3167 515 3250; x_wconf 68' lang='lat' dir='ltr'>reba,</span> <span class='ocrx_word' id='word_1_252' title='bbox 531 3171 611 3248; x_wconf 91' lang='lat' dir='ltr'>iique</span> <span class='ocrx_word' id='word_1_253' title='bbox 627 3171 801 3248; x_wconf 89' lang='lat' dir='ltr'>plerumque</span> <span class='ocrx_word' id='word_1_254' title='bbox 816 3171 979 3230; x_wconf 84' lang='lat' dir='ltr'>retulerunt</span> <span class='ocrx_word' id='word_1_255' title='bbox 991 3170 1031 3228; x_wconf 94' lang='lat' dir='ltr'>ad</span> <span class='ocrx_word' id='word_1_256' title='bbox 1043 3169 1200 3246; x_wconf 84' lang='lat' dir='ltr'>stipulam,</span> <span class='ocrx_word' id='word_1_257' title='bbox 1219 3178 1283 3231; x_wconf 83' lang='lat' dir='ltr'>tan·</span> 
     </span>
     <span class='ocr_line' id='line_1_30' title="bbox 179 3268 1283 3349; baseline 0.002 -19"><span class='ocrx_word' id='word_1_258' title='bbox 179 3289 269 3348; x_wconf 88' lang='lat' dir='ltr'>quam</span> <span class='ocrx_word' id='word_1_259' title='bbox 283 3268 417 3346; x_wconf 84' lang='lat' dir='ltr'>plenem,</span> <span class='ocrx_word' id='word_1_260' title='bbox 436 3291 534 3349; x_wconf 84' lang='lat' dir='ltr'>„quoe</span> <span class='ocrx_word' id='word_1_261' title='bbox 545 3269 589 3329; x_wconf 89' lang='lat' dir='ltr'>sio</span> <span class='ocrx_word' id='word_1_262' title='bbox 601 3271 640 3330; x_wconf 80' lang='lat' dir='ltr'>ed</span> <span class='ocrx_word' id='word_1_263' title='bbox 653 3270 851 3329; x_wconf 80' lang='lat' dir='ltr'>maturitatem</span> <span class='ocrx_word' id='word_1_264' title='bbox 863 3287 947 3330; x_wconf 89' lang='lat' dir='ltr'>suam</span> <span class='ocrx_word' id='word_1_265' title='bbox 958 3269 1107 3346; x_wconf 82' lang='lat' dir='ltr'>pervenit,</span> <span class='ocrx_word' id='word_1_266' title='bbox 1125 3279 1158 3330; x_wconf 89' lang='lat' dir='ltr'>ut</span> <span class='ocrx_word' id='word_1_267' title='bbox 1170 3271 1283 3332; x_wconf 84' lang='lat' dir='ltr'>fruetus</span> 
     </span>
     <span class='ocr_line' id='line_1_31' title="bbox 178 3369 1284 3448; baseline 0.003 -20"><span class='ocrx_word' id='word_1_268' title='bbox 178 3370 391 3447; x_wconf 88' lang='lat' dir='ltr'>plenitudinem</span> <span class='ocrx_word' id='word_1_269' title='bbox 408 3372 505 3431; x_wconf 86' lang='lat' dir='ltr'>adhue</span> <span class='ocrx_word' id='word_1_270' title='bbox 520 3370 628 3430; x_wconf 88' lang='lat' dir='ltr'>habeat</span> <span class='ocrx_word' id='word_1_271' title='bbox 650 3370 682 3428; x_wconf 93' lang='lat' dir='ltr'>in</span> <span class='ocrx_word' id='word_1_272' title='bbox 704 3389 736 3430; x_wconf 88' lang='lat' dir='ltr'>se</span> <span class='ocrx_word' id='word_1_273' title='bbox 760 3388 828 3430; x_wconf 89' lang='lat' dir='ltr'>oum</span> <span class='ocrx_word' id='word_1_274' title='bbox 845 3389 906 3448; x_wconf 89' lang='lat' dir='ltr'>quo</span> <span class='ocrx_word' id='word_1_275' title='bbox 924 3369 1005 3428; x_wconf 91' lang='lat' dir='ltr'>omni</span> <span class='ocrx_word' id='word_1_276' title='bbox 1026 3369 1114 3429; x_wconf 88' lang='lat' dir='ltr'>simul</span> <span class='ocrx_word' id='word_1_277' title='bbox 1130 3390 1184 3447; x_wconf 90' lang='lat' dir='ltr'>per</span> <span class='ocrx_word' id='word_1_278' title='bbox 1200 3371 1284 3432; x_wconf 90' lang='lat' dir='ltr'>flam·</span> 
     </span>
     <span class='ocr_line' id='line_1_32' title="bbox 179 3469 1283 3548; baseline 0.001 -17"><span class='ocrx_word' id='word_1_279' title='bbox 179 3490 257 3531; x_wconf 81' lang='lat' dir='ltr'>mem</span> <span class='ocrx_word' id='word_1_280' title='bbox 276 3477 504 3548; x_wconf 77' lang='lat' dir='ltr'>consumatur,“</span> <span class='ocrx_word' id='word_1_281' title='bbox 523 3472 661 3545; x_wconf 71' lang='lat' dir='ltr'>Murem,</span> <span class='ocrx_word' id='word_1_282' title='bbox 686 3470 753 3531; x_wconf 88' lang='lat' dir='ltr'>sim.</span> <span class='ocrx_word' id='word_1_283' title='bbox 770 3470 988 3543; x_wconf 68' lang='lat' dir='ltr'>Tutorem,</span> <span class='ocrx_word' id='word_1_284' title='bbox 1006 3469 1134 3545; x_wconf 75' lang='lat' dir='ltr'>iissem,</span> <span class='ocrx_word' id='word_1_285' title='bbox 1152 3471 1283 3546; x_wconf 81' lang='lat' dir='ltr'>Kruom,</span> 
     </span>
    </p>
   </div>
   <div class='ocr_carea' id='block_1_3' title="bbox 179 3765 1285 4087">
    <p class='ocr_par' dir='ltr' id='par_1_3' title="bbox 179 3765 1285 4087">
     <span class='ocr_line' id='line_1_33' title="bbox 233 3765 1284 3834; baseline 0.005 -20"><span class='ocrx_word' id='word_1_286' title='bbox 233 3766 258 3830; x_wconf 89' lang='lat'>1)</span> <span class='ocrx_word' id='word_1_287' title='bbox 275 3766 416 3820; x_wconf 84' lang='lat' dir='ltr'>Honestius</span> <span class='ocrx_word' id='word_1_288' title='bbox 432 3765 556 3822; x_wconf 84' lang='lat' dir='ltr'>&#39;eiusmodi</span> <span class='ocrx_word' id='word_1_289' title='bbox 573 3769 771 3834; x_wconf 78' lang='lat' dir='ltr'>compotationis</span> <span class='ocrx_word' id='word_1_290' title='bbox 787 3769 874 3832; x_wconf 71' lang='lat' dir='ltr'>regiae</span> <span class='ocrx_word' id='word_1_291' title='bbox 890 3769 992 3820; x_wconf 86' lang='lat' dir='ltr'>initium</span> <span class='ocrx_word' id='word_1_292' title='bbox 1013 3768 1165 3834; x_wconf 84' lang='lat' dir='ltr'>proponitur</span> <span class='ocrx_word' id='word_1_293' title='bbox 1186 3769 1213 3818; x_wconf 89' lang='lat' dir='ltr'>in</span> <span class='ocrx_word' id='word_1_294' title='bbox 1230 3781 1284 3819; x_wconf 91' lang='lat' dir='ltr'>mo·</span> 
     </span>
     <span class='ocr_line' id='line_1_34' title="bbox 179 3851 1285 3920; baseline -0.001 -18"><span class='ocrx_word' id='word_1_295' title='bbox 179 3857 358 3902; x_wconf 83' lang='lat' dir='ltr'>numentorum</span> <span class='ocrx_word' id='word_1_296' title='bbox 377 3851 470 3904; x_wconf 77' lang='lat' dir='ltr'>tabulis</span> <span class='ocrx_word' id='word_1_297' title='bbox 485 3853 540 3918; x_wconf 80' lang='lat' dir='ltr'>(eir.</span> <span class='ocrx_word' id='word_1_298' title='bbox 554 3852 641 3904; x_wconf 75' lang='lat' dir='ltr'>Borra</span> <span class='ocrx_word' id='word_1_299' title='bbox 652 3855 669 3904; x_wconf 96' lang='lat' dir='ltr'>l.</span> <span class='ocrx_word' id='word_1_300' title='bbox 681 3855 698 3903; x_wconf 93' lang='lat' dir='ltr'>l.</span> <span class='ocrx_word' id='word_1_301' title='bbox 711 3854 745 3920; x_wconf 90' lang='lat' dir='ltr'>pl.</span> <span class='ocrx_word' id='word_1_302' title='bbox 756 3853 798 3915; x_wconf 79' lang='grc'>76,</span> <span class='ocrx_word' id='word_1_303' title='bbox 809 3852 908 3904; x_wconf 85' lang='lat' dir='ltr'>Bouom</span> <span class='ocrx_word' id='word_1_304' title='bbox 918 3854 936 3904; x_wconf 91' lang='lat' dir='ltr'>l.</span> <span class='ocrx_word' id='word_1_305' title='bbox 948 3854 967 3902; x_wconf 92' lang='lat' dir='ltr'>l.</span> <span class='ocrx_word' id='word_1_306' title='bbox 983 3869 1007 3918; x_wconf 92' lang='lat' dir='ltr'>p.</span> <span class='ocrx_word' id='word_1_307' title='bbox 1018 3854 1066 3904; x_wconf 80' lang='grc'>187</span> <span class='ocrx_word' id='word_1_308' title='bbox 1078 3867 1122 3914; x_wconf 82' lang='lat' dir='ltr'>se,</span> <span class='ocrx_word' id='word_1_309' title='bbox 1140 3852 1225 3904; x_wconf 82' lang='lat' dir='ltr'>Gossr</span> <span class='ocrx_word' id='word_1_310' title='bbox 1238 3853 1255 3901; x_wconf 90' lang='lat' dir='ltr'>l.</span> <span class='ocrx_word' id='word_1_311' title='bbox 1268 3853 1285 3902; x_wconf 92' lang='lat' dir='ltr'>l.</span> 
     </span>
     <span class='ocr_line' id='line_1_35' title="bbox 179 3933 1285 4002; baseline -0.002 -16"><span class='ocrx_word' id='word_1_312' title='bbox 179 3953 204 4000; x_wconf 92' lang='lat' dir='ltr'>p.</span> <span class='ocrx_word' id='word_1_313' title='bbox 215 3935 267 3986; x_wconf 76' lang='lat'>504</span> <span class='ocrx_word' id='word_1_314' title='bbox 279 3933 337 3996; x_wconf 80' lang='lat' dir='ltr'>se),</span> <span class='ocrx_word' id='word_1_315' title='bbox 360 3935 404 3985; x_wconf 91' lang='lat' dir='ltr'>ubi</span> <span class='ocrx_word' id='word_1_316' title='bbox 422 3937 550 3987; x_wconf 85' lang='lat' dir='ltr'>eunuchos</span> <span class='ocrx_word' id='word_1_317' title='bbox 568 3938 674 4002; x_wconf 78' lang='lat' dir='ltr'>largiter</span> <span class='ocrx_word' id='word_1_318' title='bbox 690 3937 837 3988; x_wconf 83' lang='lat' dir='ltr'>haurientes</span> <span class='ocrx_word' id='word_1_319' title='bbox 853 3943 880 3996; x_wconf 76' lang='lat' dir='ltr'>st</span> <span class='ocrx_word' id='word_1_320' title='bbox 901 3937 1038 3988; x_wconf 77' lang='lat' dir='ltr'>afferentes</span> <span class='ocrx_word' id='word_1_321' title='bbox 1055 3937 1146 4001; x_wconf 86' lang='lat' dir='ltr'>poeula</span> <span class='ocrx_word' id='word_1_322' title='bbox 1163 3935 1285 3999; x_wconf 86' lang='lat' dir='ltr'>conspici·</span> 
     </span>
     <span class='ocr_line' id='line_1_36' title="bbox 179 4020 1222 4087; baseline -0.005 -15"><span class='ocrx_word' id='word_1_323' title='bbox 179 4036 248 4083; x_wconf 85' lang='lat' dir='ltr'>mus,</span> <span class='ocrx_word' id='word_1_324' title='bbox 266 4020 379 4085; x_wconf 87' lang='lat' dir='ltr'>hospites</span> <span class='ocrx_word' id='word_1_325' title='bbox 397 4028 482 4071; x_wconf 90' lang='lat' dir='ltr'>autem</span> <span class='ocrx_word' id='word_1_326' title='bbox 499 4021 534 4073; x_wconf 86' lang='lat' dir='ltr'>sd</span> <span class='ocrx_word' id='word_1_327' title='bbox 551 4021 652 4071; x_wconf 75' lang='lat' dir='ltr'>tabulas</span> <span class='ocrx_word' id='word_1_328' title='bbox 669 4021 788 4073; x_wconf 87' lang='lat' dir='ltr'>sedentes</span> <span class='ocrx_word' id='word_1_329' title='bbox 806 4023 905 4087; x_wconf 89' lang='lat' dir='ltr'>sibique</span> <span class='ocrx_word' id='word_1_330' title='bbox 922 4021 1031 4072; x_wconf 82' lang='lat' dir='ltr'>invicem</span> <span class='ocrx_word' id='word_1_331' title='bbox 1048 4021 1222 4084; x_wconf 86' lang='lat' dir='ltr'>propinantes.</span> 
     </span>
    </p>
   </div>
   <div class='ocr_carea' id='block_1_4' title="bbox 230 4119 1286 4188">
    <p class='ocr_par' dir='ltr' id='par_1_4' title="bbox 230 4119 1286 4188">
     <span class='ocr_line' id='line_1_37' title="bbox 230 4119 1286 4188; baseline -0.006 -14"><span class='ocrx_word' id='word_1_332' title='bbox 230 4121 257 4184; x_wconf 76' lang='lat'>2)</span> <span class='ocrx_word' id='word_1_333' title='bbox 273 4121 335 4174; x_wconf 86' lang='lat' dir='ltr'>Non</span> <span class='ocrx_word' id='word_1_334' title='bbox 353 4128 449 4174; x_wconf 87' lang='lat' dir='ltr'>temere</span> <span class='ocrx_word' id='word_1_335' title='bbox 470 4124 498 4176; x_wconf 88' lang='lat' dir='ltr'>iu</span> <span class='ocrx_word' id='word_1_336' title='bbox 520 4123 737 4188; x_wconf 82' lang='lat' dir='ltr'>eomparstionem</span> <span class='ocrx_word' id='word_1_337' title='bbox 756 4121 997 4183; x_wconf 85' lang='lat' dir='ltr'>voeatIerem.1V,</span> <span class='ocrx_word' id='word_1_338' title='bbox 1015 4122 1047 4184; x_wconf 77' lang='lat'>53</span> <span class='ocrx_word' id='word_1_339' title='bbox 1070 4121 1138 4182; x_wconf 83' lang='grc' dir='ltr'>ΧΗ,</span> <span class='ocrx_word' id='word_1_340' title='bbox 1156 4119 1185 4182; x_wconf 66' lang='grc'>6,</span> <span class='ocrx_word' id='word_1_341' title='bbox 1212 4120 1286 4170; x_wconf 86' lang='lat' dir='ltr'>sicuti</span> 
     </span>
    </p>
   </div>
   <div class='ocr_carea' id='block_1_5' title="bbox 180 4191 1286 4346">
    <p class='ocr_par' dir='ltr' id='par_1_5' title="bbox 180 4191 1286 4346">
     <span class='ocr_line' id='line_1_38' title="bbox 181 4191 1286 4280; baseline -0.005 -23"><span class='ocrx_word' id='word_1_342' title='bbox 181 4207 302 4258; x_wconf 83' lang='lat' dir='ltr'>observat</span> <span class='ocrx_word' id='word_1_343' title='bbox 319 4205 500 4260; x_wconf 80' lang='lat' dir='ltr'>Seruummrus</span> <span class='ocrx_word' id='word_1_344' title='bbox 516 4208 632 4260; x_wconf 86' lang='lat' dir='ltr'>Arabum</span> <span class='ocrx_word' id='word_1_345' title='bbox 648 4207 751 4258; x_wconf 75' lang='lat' dir='ltr'>dicendi</span> <span class='ocrx_word' id='word_1_346' title='bbox 769 4223 849 4271; x_wconf 82' lang='lat' dir='ltr'>genus</span> <span class='ocrx_word' id='word_1_347' title='bbox 870 4191 931 4280; x_wconf 64' lang='lat' dir='ltr'>tte,</span> <span class='ocrx_word' id='word_1_348' title='bbox 947 4192 1029 4272; x_wconf 50' lang='lat' dir='ltr'>Aa&gt;</span> <span class='ocrx_word' id='word_1_349' title='bbox 1044 4204 1106 4256; x_wconf 82' lang='lat' dir='ltr'>iecit</span> <span class='ocrx_word' id='word_1_350' title='bbox 1123 4213 1149 4256; x_wconf 84' lang='lat' dir='ltr'>et</span> <span class='ocrx_word' id='word_1_351' title='bbox 1164 4203 1286 4270; x_wconf 84' lang='lat' dir='ltr'>implevit,</span> 
     </span>
     <span class='ocr_line' id='line_1_39' title="bbox 180 4293 455 4346; baseline 0 -5"><span class='ocrx_word' id='word_1_352' title='bbox 180 4294 197 4340; x_wconf 84' lang='lat' dir='ltr'>i.</span> <span class='ocrx_word' id='word_1_353' title='bbox 211 4306 233 4341; x_wconf 90' lang='lat' dir='ltr'>e.</span> <span class='ocrx_word' id='word_1_354' title='bbox 254 4300 371 4346; x_wconf 75' lang='lat' dir='ltr'>recusate</span> <span class='ocrx_word' id='word_1_355' title='bbox 387 4293 455 4346; x_wconf 78' lang='lat' dir='ltr'>feeit.</span> 
     </span>
    </p>
   </div>
   <div class='ocr_carea' id='block_1_6' title="bbox 1069 4375 1085 4422">
    <p class='ocr_par' dir='ltr' id='par_1_6' title="bbox 1069 4375 1085 4422">
     <span class='ocr_line' id='line_1_40' title="bbox 1069 4375 1085 4422; baseline 0 0"><span class='ocrx_word' id='word_1_356' title='bbox 1069 4375 1085 4422; x_wconf 84' lang='lat'><strong>3</strong></span> 
     </span>
    </p>
   </div>
   <div class='ocr_carea' id='block_1_7' title="bbox 0 0 1569 5000">
    <p class='ocr_par' dir='ltr' id='par_1_7' title="bbox 0 0 1569 5000">
     <span class='ocr_line' id='line_1_41' title="bbox 0 0 1569 5000; baseline 0 0"><span class='ocrx_word' id='word_1_357' title='bbox 0 0 1569 5000; x_wconf 95' lang='lat' dir='ltr'> </span> 
     </span>
    </p>
   </div>
  </div>
 </body>
</html>
