3124 4988
282 309 348 350 nxrr
629 287 872 344 Pnonnconnua.
900 284 973 344 Ona.
993 285 1032 342 ΙΙ.

283 472 406 535 Domini
423 471 529 548 plagas
545 471 663 528 inerant
677 469 810 545 experti,
835 487 888 528 nee
910 468 1066 544 pristinum
1084 476 1194 527 statum
1211 487 1385 546 recuperare

283 592 412 654 unquam
429 571 592 630 valuernut.
835 639 837 642 ¹

333 677 398 735 Iam
409 691 479 732 vero
493 670 698 742 Senberibum,
714 690 734 729 a
746 670 862 728 duobus
874 667 944 728 filiis
956 668 1203 726 Adrammeleeho
1215 677 1244 727 et
1256 668 1287 728 N
1289 671 1384 746 ergal-

285 777 447 838 Sabacener
462 772 602 831 atrociter
617 770 819 842 interfectum,
845 788 911 828 eum
927 769 958 826 in
974 769 1047 826 aede
1071 768 1118 827 dei
1136 769 1182 827 sui
1199 768 1340 828 Nisrochi
1358 789 1383 828 s.

285 873 427 937 Assaraci
450 891 535 932 saera
557 871 667 929 iaceret
675 869 693 942 ¹,
718 878 834 930 secutus
851 877 897 928 est
913 867 1218 941 Assarhaddon²‚
1242 870 1287 927 vir
1310 877 1383 928 stre-

285 995 361 1036 nuus
378 982 408 1033 et
423 972 592 1043 bellicosus,
610 990 638 1029 a.
652 989 677 1029 c.
690 973 739 1028 698
747 969 766 1028 ⁸.
785 969 845 1044 Qui
862 977 1057 1045 posteaquam
1075 969 1258 1045 aliquamdiu
1275 969 1306 1026 in
1324 969 1383 1026 Ba-

283 1112 482 1127 .-ιι---“·

284 1195 540 1263 ÷52-520=753>;
569 1201 596 1244 at
618 1209 678 1245 vero
701 1195 824 1244 incertum
842 1201 895 1256 est,
918 1200 1003 1244 utrum
1021 1193 1112 1257 Agron
1134 1193 1178 1242 ille
1202 1192 1300 1243 decimo
1318 1193 1383 1244 Nini

282 1289 362 1354 patris
380 1297 462 1344 anuo,
481 1294 515 1330 an
531 1285 591 1344 post
607 1285 716 1328 mortem
733 1280 795 1341 eius,
813 1293 864 1342 qua
879 1284 938 1344 post
948 1278 999 1328 LII
1011 1292 1136 1328 annorum
1147 1292 1255 1340 regnum
1263 1291 1381 1328 consum·

283 1382 324 1422 tus
347 1376 399 1431 est,
419 1365 560 1430 Lydiarum
583 1376 668 1414 rerum
690 1365 785 1426 potitus
806 1363 898 1424 tuerit,
921 1362 966 1412 cfr.
984 1363 1063 1412 Horr.
1082 1361 1115 1410 de
1132 1361 1202 1410 rebb.
1219 1361 1279 1410 Ass.
1297 1377 1322 1424 p.
1340 1363 1382 1411 23.

283 1456 310 1517 b)
327 1455 461 1503 Postremo
478 1461 554 1500 nemo
573 1452 612 1496 est
629 1447 690 1510 quin
707 1447 846 1510 intelligat,
868 1449 1102 1511 potentissimarum
1124 1446 1237 1510 gentium
1255 1445 1382 1495 defectum

284 1540 379 1603 optime
400 1533 526 1598 quadrare
548 1533 577 1581 iu
597 1543 655 1580 eam
678 1530 862 1594 conditionem,
886 1546 937 1595 qua
952 1531 1118 1593 Assyriorum
1140 1541 1182 1578 res
1204 1535 1262 1592 post
1284 1529 1383 1580 cladem

282 1625 353 1673 illam
372 1623 399 1671 iu
416 1618 514 1669 Iudaea
530 1620 661 1678 acceptam
677 1615 886 1679 continebantur,
908 1631 985 1680 quam
1003 1615 1031 1663 in
1049 1629 1073 1664 a.
1090 1629 1112 1664 e.
1130 1613 1190 1674 tta,
1212 1614 1280 1664 unde
1300 1617 1383 1664 maxi-

282 1723 351 1758 mam
368 1706 448 1755 Asiae
470 1699 627 1751 occidentem
645 1700 782 1762 spectantis
800 1706 898 1764 partem
917 1713 1016 1749 summa
1040 1713 1097 1748 curn
1114 1699 1229 1763 potentia
1245 1699 1382 1750 infestare·

282 1801 341 1842 runt
357 1793 433 1852 atque
443 1785 577 1850 ¹gradatim
595 1789 788 1848 occupaverunt.

333 1873 358 1934 1)
376 1872 428 1922 cn.
446 1869 496 1920 Ies.
513 1867 661 1928 XXXVII,
679 1867 720 1918 38.
749 1867 837 1931 tReg.
854 1867 937 1929 XIX,
954 1869 995 1918 37.
1013 1861 1059 1918 eir.
1076 1880 1135 1931 pag.
1152 1867 1250 1916 XXIII
1266 1873 1320 1916 not.
1383 1859 1394 1872 “

331 1957 359 2019 2)
374 1956 477 2006 Nomen
494 1950 703 2002 Assarbaddonis
722 1952 785 2000 satis
803 1951 874 2000 varia
891 1953 1016 2014 serIptura
1033 1957 1165 2000 exaratum
1181 1950 1329 2012 exhibetur3
1352 1953 1382 1999 in

280 2044 306 2091 ll.
322 2057 354 2090 ss.
373 2040 465 2102 iegitur
482 2031 549 2105 ῑῆῆη
568 2040 654 2105 ’πο-ᾖ
682 2034 727 2083 cfr.
745 2033 762 2080 l.
778 2033 809 2093 l.;
837 2034 865 2082 in
887 2034 1094 2098 inscriptionibus
1116 2035 1201 2084 notari
1223 2034 1383 2084 Assur-alrb-

281 2127 378 2184 adana,
396 2121 522 2171 Rnwtnra
543 2122 637 2166 certum
656 2123 732 2178 atque
750 2116 911 2179 exploratum
927 2131 984 2167 esse
1000 2117 1112 2168 affirmat
1128 2117 1184 2179 (cfr.
1202 2116 1272 2167 Outl.
1290 2133 1315 2181 p.
1325 2119 1381 2168 XL.

279 2209 351 2259 XLI.
386 2206 454 2256 Tum
477 2215 537 2252 vero
559 2199 616 2248 Esr.
633 2199 681 2261 1v,
698 2216 722 2248 v.
736 2202 770 2249 10
791 2201 848 2250 coll.
866 2204 920 2250 v.2
943 2203 1088 2266 appellatur
1111 2205 1139 2253 in
1161 2201 1382 2252 Samaritanorum

280 2293 361 2342 literis
379 2289 412 2338 ad
430 2301 516 2350 regem
533 2283 669 2332 Persarum
687 2283 754 2332 datis
772 2282 920 2347 Osnappar,
936 2285 982 2335 cfr.
1000 2285 1219 2337 HauseraBeitr.
1236 2287 1264 2349 1,
1282 2290 1383 2351 p.178;

279 2375 396 2426 Bararus
414 2373 516 2436 (Eurus.
528 2368 580 2418 chr.
590 2381 652 2415 arm.
671 2383 696 2432 p.
705 2369 749 2432 44>
766 2368 872 2435 exbibet
889 2367 1079 2431 Aserdanium,
1095 2371 1231 2420 Aarnnnus
1249 2370 1293 2433 (ib.
1304 2387 1328 2435 p.
1338 2370 1382 2432 53>

279 2459 419 2519 Axerdim3
437 2462 567 2522 postremo
584 2453 611 2501 iu
628 2451 734 2502 Gauone
752 2453 895 2502 Proernam
907 2453 1081 2504 Assaradinus
1099 2460 1125 2502 et
1137 2448 1302 2518 Apronadius
1320 2469 1381 2502 euu-

279 2545 338 2595 dem
361 2541 447 2606 regem
470 2536 613 2603 significare
636 2534 762 2587 videntur.
781 2565 814 2574 -
832 2536 905 2597 Quae
929 2544 1014 2587 autem
1037 2539 1069 2588 de
1091 2537 1166 2587 rebus
1189 2539 1221 2588 ab
1245 2553 1276 2586 eo
1299 2539 1380 2600 gestis

279 2627 375 2677 tradita
392 2625 547 2688 accepimus,
570 2634 697 2683 perpauca
714 2627 785 2683 sunt,
809 2637 891 2685 neque
914 2635 946 2672 ea
967 2621 1070 2684 quidem
1093 2623 1155 2672 tatis
1176 2621 1379 2672 dubitationibus

278 2723 359 2774 usque
381 2721 480 2770 quaque
502 2717 591 2755 vacua.
618 2703 664 2754 eir.
688 2702 831 2756 Senserunt
853 2707 988 2769 Imperium
1009 2704 1152 2769 Babylonis
1172 2712 1198 2755 et
1221 2706 1286 2756 Nisi
1303 2706 1379 2766 1726,

278 2810 303 2857 p.
314 2795 363 2842 207
374 2806 407 2840 sa.
443 2789 641 2838 Accusatissime
658 2795 731 2852 gesta
748 2790 802 2838 eius
823 2791 942 2855 exposuit
958 2787 1092 2851 Karnasa,
1114 2791 1203 2840 vatico.
1220 2790 1334 2840 Nahumi
1354 2797 1380 2838 et

278 2872 391 2926 Ohabak.
410 2879 442 2922 ct.
461 2872 543 2932 1748,
561 2886 585 2934 p.
600 2871 743 2934 75-119;
766 2879 871 2922 atvero
889 2874 1011 2923 idoneam
1031 2887 1115 2924 rerum
1133 2877 1259 2924 rationem
1275 2889 1380 2938 prorsus

279 2957 393 3012 confudit
410 2961 486 3018 atque
503 2954 656 3017 implicavit3
679 2968 753 3017 nam,
777 2963 806 3006 ut
823 2959 971 3008 omittamus
987 2957 1068 3007 multa
1086 2971 1143 3006 eum
1168 2958 1298 3008 intrudere
1321 2959 1380 3008 huic

278 3041 402 3106 tempori,
427 3031 492 3102 quae
517 3053 548 3088 eo
570 3053 623 3088 uon
648 3039 789 3103 pertinent,
812 3057 835 3090 v.
854 3057 875 3092 e.
898 3043 1001 3093 Asdodi
1024 3043 1239 3105 expugnationem
1255 3041 1306 3092 Ies.
1324 3044 1379 3092 XX

278 3125 448 3190 praedictam,
466 3123 632 3174 similitudine
649 3123 782 3174 nominum
798 3125 917 3176 seductus
929 3123 1157 3176 Assarhaddonem
1175 3125 1283 3176 eundem
1298 3127 1379 3178 fuisse

278 3211 398 3275 opinatur
415 3223 445 3258 ac
462 3206 680 3271 Sardanapalum,
702 3207 747 3257 sub
766 3221 816 3272 quo
831 3209 929 3260 Ninum
947 3222 1063 3260 eversam
1080 3210 1213 3274 descripsit
1230 3210 1376 3274 Drusorum

277 3309 343 3359 quae
361 3294 489 3344 sententia
505 3308 563 3342 eum
579 3307 670 3358 reapse
691 3294 754 3342 satis
772 3308 896 3358 superque
913 3297 1055 3355 refellatur,
1080 3296 1126 3344 vix
1152 3309 1245 3358 operae
1267 3291 1376 3360 pretium

277 3387 317 3430 est
333 3379 436 3428 uberius
453 3391 510 3426 eam
526 3377 568 3426 vel
585 3377 713 3440 explicare
729 3377 770 3426 rel
792 3376 912 3428 refutare.
936 3379 981 3430 cfr.
998 3379 1133 3428 Erenuonn.
1151 3378 1256 3428 Einleit.
1273 3379 1332 3441 111,
1351 3381 1377 3441 5,

276 3477 301 3527 p.
313 3465 362 3512 282
375 3477 408 3512 ss.

329 3545 356 3607 3)
373 3545 496 3596 Rationes
513 3551 656 3608 temporum
673 3557 689 3592 a
706 3544 781 3592 tertio
799 3541 935 3594 Sanheribi
952 3559 1020 3595 anno
1038 3543 1072 3594 ad
1090 3557 1204 3594 eversam
1221 3544 1317 3596 Ninum
1335 3563 1377 3597 us·

279 3643 328 3693 que
346 3629 492 3678 diversitate
510 3641 611 3690 eornm,
627 3639 692 3690 quae
710 3628 804 3690 singuli
820 3630 957 3693 scriptores
973 3627 1147 3688 tradiderunt,
1165 3629 1227 3677 satis
1242 3630 1376 3680 intricatae

279 3718 351 3774 sunu
369 3711 414 3762 etr.
432 3715 534 3775 praeter
551 3724 595 3772 ea,
613 3723 678 3774 quae
694 3710 835 3774 Pramus,
857 3713 995 3773 uerrunt,
1012 3725 1044 3762 un
1062 3712 1196 3762 Vranouus
1214 3714 1256 3762 all.
1279 3715 1306 3763 iu
1328 3714 1376 3764 hoe

279 3809 372 3860 genere
388 3794 566 3856 elaborarunt,
585 3793 679 3846 asem.
692 3809 786 3844 comm.
804 3797 832 3845 in
843 3796 893 3846 Ies.
910 3807 935 3860 p.
949 3793 998 3845 999
1011 3810 1044 3845 ss.
1062 3795 1134 3844 Kan.
1145 3794 1261 3846 Chronik
1277 3813 1301 3861 p.
1316 3798 1375 3847 428.

279 3880 410 3930 niumm
428 3877 496 3927 Einl.
515 3877 557 3939 11,
575 3892 605 3940 a,
623 3879 681 3928 223.
704 3879 830 3930 Hormo.
842 3879 875 3929 de
887 3875 957 3928 rebb.
967 3883 1027 3930 Ass.
1045 3897 1069 3945 p.
1082 3880 1123 3930 53.
1141 3879 1271 3930 Duntuaar
1283 3879 1375 3931 (desub.

280 3963 308 4026 1,
324 3979 349 4028 p.
364 3963 423 4014 388.
440 3961 547 4013 Ewaaur
564 3961 656 4014 Gesch.
675 3961 722 4012 Isr.
740 3963 798 4024 ΙΠ,
817 3977 846 4025 a,
863 3978 887 4027 p.
902 3963 952 4014 373
965 3978 997 4014 ss.
1016 3963 1107 4029 Neque
1124 3964 1159 4013 ad
1176 3971 1272 4014 certam
1288 3977 1375 4012 aarum

280 4048 452 4112 cognitionem
469 4047 538 4110 prius
554 4051 705 4111 perventum
719 4048 784 4109 erit,
805 4061 881 4110 quam
906 4055 1126 4100 monumentumm
1152 4048 1328 4112 inscriptiones
1350 4051 1376 4096 et

280 4133 379 4182 numeri
395 4121 491 4180 fuerint
508 4131 640 4194 explanati
656 4137 732 4194 atque
750 4132 857 4182 excussi.
874 4129 930 4182 Nos
948 4147 1006 4182 eam
1022 4135 1104 4184 secuti
1115 4147 1201 4182 sumus
1212 4131 1379 4194 eomputatio-

279 4228 351 4278 nem,
373 4229 438 4280 quae
461 4216 597 4266 secundum
614 4215 727 4266 Canonis
751 4214 894 4266 Proernam
917 4223 942 4266 et
958 4215 1055 4268 Banosr
1072 4216 1182 4268 calculos
1199 4212 1377 4264 Assarhaddo-

278 4311 337 4346 nem
354 4313 408 4350 ac.
420 4299 470 4350 698
489 4299 523 4349 ad
540 4314 646 4364 regnum
663 4300 822 4364 pervenisse,
841 4306 866 4349 et
884 4315 904 4350 c.
917 4299 967 4350 668
984 4302 1026 4352 rel
1044 4301 1092 4352 667
1112 4301 1205 4350 obiisse
1221 4300 1358 4350 existimat.
