3124 4988
268 291 371 338 xxvm
619 273 862 334 Paeneoorrrrua
887 270 961 332 (lar.
978 269 1018 330 11.
1136 287 1138 292 ·
1346 289 1360 318 ι

269 465 300 516 et
316 455 508 534 ignomisiam
526 455 647 530 ultoris,
669 457 702 516 in
718 455 856 516 exsilium
872 459 1160 534 transportarentnr,
1177 462 1268 531 etque
1284 455 1373 528 adeo,

268 556 351 634 quod
372 557 462 616 modo
486 557 569 634 paesi
591 566 676 616 arant
696 556 865 629 israelitae,
894 557 972 616 idem
1000 555 1075 632 ipsis
1097 554 1270 631 propediem
1293 556 1371 616 acci·

268 657 360 716 deret.
390 658 493 734 Atque
516 677 552 716 aa
574 657 703 716 formido
727 657 791 716 sine
808 657 899 716 dubio
921 657 1140 734 exsugebatur,
1163 654 1189 714 si
1207 655 1276 731 quis
1291 657 1373 716 forte

267 765 369 816 vatum
392 757 501 830 verba,
524 757 621 816 obiter
638 765 726 816 antea
743 757 862 829 audita,
884 757 1105 827 recordaretur,
1128 754 1181 832 qui
1196 754 1280 830 ipsas
1299 755 1369 818 illae

267 855 423 918 Samariae
443 857 625 916 calamitates
647 856 765 917 iudeus
789 875 909 935 quoque
930 857 1043 916 instare
1069 855 1288 916 nuntiaverant.
1326 858 1371 916 At

268 976 340 1016 vero
358 957 467 1033 exigua
492 956 609 1033 piorum
626 957 749 1016 Domini
773 976 926 1016 serrorum
949 956 1077 1034 reliquia
1102 954 1189 1014 aliter
1205 965 1270 1016 erat
1284 956 1371 1016 insti·

268 1064 352 1116 tuta:
375 1055 490 1132 priores
514 1056 591 1115 enim
615 1058 778 1133 prophetae
801 1075 915 1116 summo
939 1057 1017 1116 inter
1038 1075 1071 1117 se
1095 1073 1241 1116 consensu
1264 1057 1370 1116 docue-

269 1165 354 1230 rant,
379 1155 609 1216 internecionem
625 1156 743 1217 ludaeis
765 1175 826 1215 non
848 1157 886 1216 ab
904 1156 1056 1235 Assyriis,
1078 1174 1180 1215 verum
1202 1175 1222 1213 a
1237 1156 1370 1234 Babylo·

271 1256 334 1316 niis
345 1256 384 1314 iri
399 1263 547 1333 paratum.
572 1255 774 1316 Nihilominus
790 1257 828 1316 iis
844 1276 978 1335 quoque,
1002 1257 1054 1335 qui
1079 1257 1137 1316 hoc
1152 1255 1291 1332 religiose
1307 1275 1368 1316 me·

270 1355 431 1429 minerant,
449 1355 550 1433 gravis
567 1365 632 1416 erat
647 1365 677 1416 et
689 1357 796 1416 acerba
809 1357 938 1416 maxime
947 1357 1025 1434 regis
1036 1355 1218 1431 asportatio:
1236 1365 1369 1416 summae

271 1456 349 1514 enim
365 1456 483 1515 futurae
499 1457 605 1516 salutis
620 1455 851 1532 promissiones,
874 1477 951 1535 quae
972 1456 1085 1534 populo
1103 1456 1191 1515 datae
1206 1466 1306 1529 erant,
1328 1457 1369 1518 ad

268 1555 380 1633 regiam
391 1555 517 1616 Davidis
533 1556 667 1616 sobolem
682 1557 844 1616 haerebant
860 1558 1033 1629 adstrictae:
1047 1574 1102 1616 rex
1118 1555 1224 1633 igitur,
1242 1565 1275 1616 ut
1287 1557 1365 1616 lere·

269 1657 347 1716 miae
364 1657 463 1716 verbis
479 1665 557 1730 utar,
575 1677 663 1717 verae
674 1657 795 1717 Israelis
812 1657 934 1734 spiritus
951 1656 1051 1718 ritulis
1068 1656 1165 1728 erat¹3
1184 1675 1280 1734 neque
1297 1677 1368 1716 vero

268 1757 463 1834 ignorabant,
481 1757 512 1815 in
528 1776 599 1835 rege
615 1758 799 1834 Babylonem
817 1757 945 1817 abducto
965 1757 1056 1818 totius
1074 1756 1178 1834 populi
1194 1755 1297 1816 eodem
1314 1757 1368 1816 ali·

268 1857 388 1936 quando
411 1857 567 1916 abiiciendi
593 1858 700 1935 pignus
725 1858 817 1916 latere
848 1866 878 1916 et
905 1857 1123 1936 quodammodo
1151 1857 1337 1934 praesagium
1346 1856 1367 1917 ².

268 1954 391 2017 Cunctis
408 1957 499 2036 igitur
515 1977 629 2016 summo
647 1975 782 2016 moerere
798 1967 828 2016 et
843 1957 1001 2017 formidine
1018 1957 1168 2031 sollicitis,
1194 1975 1261 2016 cum
1276 1957 1367 2018 nullis

268 2057 358 2117 sociis
380 2058 547 2133 respublica
569 2057 772 2131 adiuvaretur,
795 2057 855 2116 imo
878 2056 1005 2120 inimicis
1028 2058 1159 2135 undique
1179 2066 1209 2116 et
1230 2057 1366 2119 hostibus

268 2157 449 2219 circumdata
461 2166 554 2230 esset,
570 2159 734 2218 cavendum
746 2177 924 2236 magnopere
936 2169 1014 2232 crat,
1033 2178 1071 2218 ne
1081 2157 1286 2235 desperatione
1299 2153 1366 2218 cor-

268 2258 346 2334 repti
361 2257 392 2316 iu
409 2257 585 2318 atrociorem
603 2259 692 2318 otiam
709 2259 924 2318 contumaciam
940 2269 971 2319 et
985 2259 1179 2336 pertinaciam
1190 2259 1367 2335 praecipites

267 2358 401 2430 abirent:
418 2366 461 2430 et,
480 2377 545 2418 cum
562 2359 654 2418 totius
667 2359 769 2435 populi
781 2360 928 2418 evertendi
943 2369 1058 2436 tempus
1070 2359 1277 2435 praestitutum
1292 2379 1366 2418 non·

267 2458 337 2517 dum
354 2458 493 2532 venisset,
510 2459 620 2519 electae
637 2469 733 2518 autem
751 2460 868 2536 piorum
886 2460 1028 2537 reliquiae
1036 2461 1067 2517 in
1081 2461 1138 2518 fide
1151 2468 1180 2518 et
1197 2459 1365 2520 obedientia

267 2559 487 2618 conservandae
500 2569 611 2619 essent:
630 2559 747 2618 fortiter
761 2569 846 2619 erant
858 2561 1006 2634 monendi,
1023 2581 1061 2618 ne
1078 2561 1116 2619 ab
1134 2559 1269 2636 Assyriis
1287 2580 1365 2620 nuno

231 2717 235 2726 ,
267 2647 324 2719 'sibi
340 2659 453 2720 instare
469 2660 626 2736 perniciem
643 2660 792 2734 timerent,
816 2662 868 2720 aed
891 2661 995 2720 leviter
1012 2660 1149 2738 castigati
1167 2661 1245 2719 bono
1263 2661 1362 2720 auimo

266 2769 386 2835 recepto
411 2760 449 2818 ab
472 2759 660 2819 idololatriae
680 2759 797 2821 insania
813 2761 1026 2837 resipiscerent.
1053 2761 1155 2838 Atque
1170 2760 1228 2820 boc
1243 2761 1361 2838 quidem

267 2858 442 2918 consolandi
457 2879 564 2919 munus
576 2858 715 2919 Nahumo
733 2861 893 2920 iniunctum
911 2869 972 2934 est,
990 2861 1042 2938 qui
1053 2861 1172 2920 Iudaeis
1185 2879 1270 2920 suum
1282 2862 1364 2937 ipso-

266 2979 332 3018 rum
347 2959 498 3018 interitum
521 2960 691 3020 timentibus
708 2962 902 3039 Assyriorum
924 2962 1025 3036 potius
1049 2961 1276 3020 internecionem
1292 2980 1363 3038 pro-

265 3059 381 3136 pediem
399 3069 568 3119 eventuram
585 3060 685 3120 divino
703 3062 809 3138 spiritu
825 3062 981 3122 instinctus
999 3062 1165 3139 proposuit.

318 3202 343 3264 l)
360 3202 414 3254 Otr.
433 3203 531 3253 'l'breui
547 3203 596 3266 IV,
614 3205 661 3266 203
685 3203 764 3255 Micb.
782 3203 831 3267 1v,
849 3204 879 3267 9,
901 3204 959 3255 coll.
978 3204 1104 3255 Herum.
1126 3203 1247 3256 Chrietol.
1265 3204 1328 3266 111,
1339 3210 1366 3254 et

265 3287 394 3339 cursare
413 3302 437 3338 a.
449 3288 475 3336 h.
486 3287 504 3338 l.

315 3371 342 3432 2)
360 3370 433 3431 Quae
449 3387 507 3423 cum
523 3373 562 3424 its
578 3375 642 3436 sint,
659 3380 756 3424 temere
771 3373 898 3425 iudicasse
915 3381 1023 3436 apparet
1039 3374 1174 3423 usuvenit.
1191 3370 1259 3420 Einl.
1275 3369 1318 3432 11,
1336 3371 1363 3433 b,

264 3469 289 3519 p.
301 3455 365 3517 374,
381 3471 438 3506 cum
450 3465 623 3510 asseveraret:
641 3457 713 3520 „Das
724 3458 856 3522 Ereiguise
871 3461 886 3507 2
897 3456 993 3507 chron.
1005 3455 1144 3516 XXXIII,
1157 3455 1187 3503 11
1201 3451 1271 3502 kann
1284 3452 1363 3504 echon

264 3541 349 3590 selue:
371 3541 491 3592 iuemren
507 3540 660 3606 Bedeutung
681 3541 760 3603 nach,
783 3543 821 3592 als
844 3543 886 3592 ein
909 3541 970 3590 bald
993 3540 1045 3589 und
1069 3537 1136 3588 ohne
1159 3551 1247 3600 grosse
1264 3538 1364 3604 Folgen

264 3623 502 3688 rorubergehendes
518 3639 566 3690 gar
582 3625 652 3675 nicht
669 3626 696 3674 in
715 3623 837 3674 Batracbt
852 3624 998 3674 hommen.“
1029 3621 1102 3683 Quae
1119 3627 1203 3672 eutem
1221 3622 1365 3672 subiunxit:

266 3709 347 3770 ,noch
364 3710 478 3772 weniger
494 3709 571 3771 aber,
595 3723 672 3759 wenn
689 3721 749 3757 mun
766 3711 837 3757 scine
855 3709 945 3758 iuuere
963 3706 1116 3770 Bedeutung
1133 3707 1182 3756 in'e
1199 3707 1275 3770 Auge
1291 3707 1365 3757 iaest.

263 3792 371 3844 Damals
388 3808 444 3843 war
459 3807 488 3844 ee
505 3794 563 3843 elne
580 3791 698 3858 gerechte
714 3789 801 3842 Strata
817 3791 863 3842 des
880 3789 980 3852 Herm,
1002 3791 1070 3840 <lanu
1087 3791 1229 3854 bestimmt,
1251 3807 1293 3842 um
1316 3792 1364 3842 dae

264 3877 415 3940 abtritnnige
433 3876 501 3928 Vollr
519 3877 572 3927 und
589 3877 681 3926 deeeeu
698 3873 786 3938 llbnig
803 3890 849 3925 aur
864 3863 1025 3940 Besiunung‘
1037 3887 1069 3926 ru
1085 3876 1160 3926 ruien
1176 3876 1229 3925 und
1246 3876 1364 3926 desselbe

263 3961 377 4024 augleich
399 3963 475 4012 einen
493 3959 668 4011 vorschmack
690 3959 773 4009 seines
795 3959 863 4009 nahe
886 3958 1106 4010 beverstehenden
1124 3959 1285 4012 Schiclcsales
1309 3973 1362 4009 em·

262 4045 366 4110 punden
383 4063 415 4098 zu
431 4044 530 4095 laseen‘
545 4069 577 4081 -
591 4057 624 4093 ea
640 4050 798 4109 quantopere
814 4051 929 4094 nostram
946 4044 1100 4094 sententiam
1118 4043 1280 4105 confirment,
1298 4045 1362 4094 satie

262 4143 386 4192 superque
407 4129 558 4192 indigitaese
580 4128 655 4177 nobie
676 4127 805 4190 ridemur,
826 4129 976 4193 praesertim
999 4127 1043 4177 ubi
1060 4126 1162 4178 Iesaiae
1183 4139 1361 4190 comparamus

262 4211 468 4273 similitudinem,
489 4213 546 4276 qul,
568 4213 719 4264 aununtiate
742 4213 834 4264 exsilio
851 4211 1011 4278 Babylonico
1029 4228 1051 4263 c.
1070 4211 1204 4272 XXXIX,
1227 4212 1361 4263 confestim

262 4295 343 4359 uergit
361 4295 452 4347 exn:
475 4301 601 4351 rumne:
624 4305 698 4352 :out
720 4285 809 4357 :onst

1536 1774 1538 1900 l
