3124 4988
501 313 527 390 ᾗ,
543 316 573 373 3.
600 313 651 372 Da
669 331 789 374 annana
806 314 947 375 Nasum.
1215 335 1282 378 xvn

231 497 266 572 6)·
291 495 388 554 Porro
406 495 854 558 ad·eiusdem.Assarhaddonis
868 483 1005 576 'regnum
1028 499 1169 574 pertinet,
1200 504 1281 580 quod

180 594 297 654 ludaeis
316 595 447 655 videmus
470 595 632 672 periculum
655 598 693 655 ab
712 598 1020 675 Assyriis-imminere
1032 599 1116 672 ‚lI,l
1143 603 1282 674 „celebre

179 695 255 754 Iuda
272 696 349 756 festa
366 705 432 768 tua,
451 696 574 755 exsolve
592 704 663 755 vota
680 701 752 756 tua“
771 699 823 756 cfr.
843 717 913 776 pag.
925 704 975 771 493
998 699 1089 778 quid?
1112 703 1194 777 quod
1209 702 1280 780 iuge

177 814 282 854 eorum
300 804 329 854 et
345 795 539 854 dominationi
554 796 680 856 subiecti
698 805 781 871 sunt,
799 799 852 858 cfr.
870 800 901 873 1,
919 821 948 860 v.
964 805 1005 860 11.
1025 803 1065 858 13.
1084 801 1130 874 Il,
1150 807 1174 862 1.
1196 802 1281 863 Haec

179 903 277 954 autem
296 895 425 954 conditio
450 896 494 954 illi
517 898 658 974 tempori,
685 899 763 973 quod
783 897 939 960 Sauheribi
962 901 1075 961 cladem
1092 902 1281 964 subsecutum

178 1004 240 1068 est,
264 995 346 1054 nullo
363 995 452 1054 modo
474 996 611 1073 adaptari
628 1007 737 1074 potest.
765 997 844 1059 Nam
870 1001 921 1078 qui
938 1000 1097 1060 Kuounuu
1118 1011 1281 1080 sequuntur

178 1097 370 1168 seutentiam,
397 1096 448 1174 qui
468 1097 585 1158 Iudaeis
612 1098 762 1158 existimat
780 1100 939 1160 timendum
957 1101 1066 1174 fuisse,
1084 1121 1121 1160 ue
1134 1101 1279 1166 Sanherib

178 1215 233 1254 rex
249 1196 370 1273 integris
388 1197 483 1274 copiis
500 1198 630 1258 collectis
646 1199 752 1258 iterum
769 1209 882 1276 peteret
897 1202 1053 1275 Iudaeam,
1072 1211 1105 1262 ut
1127 1213 1279 1280 acceptam

178 1295 291 1356 cladem
309 1306 476 1374 repararet,
500 1299 522 1356 ii
539 1299 571 1356 iu
588 1299 666 1370 idem
682 1299 816 1360 incidunt
831 1301 951 1375 vilium,
977 1302 1057 1379 quod
1080 1303 1170 1363 modo
1193 1313 1279 1364 uota·

176 1397 281 1456 vimus.
308 1400 352 1456 Ac
368 1418 438 1457 vero
456 1400 671 1459 Assarhaddon
691 1419 756 1458 eum
772 1421 871 1462 ,novos
889 1391 1025 1464 colonos*
1036 1402 1069 1462 in
1086 1402 1279 1480 Ephraimiti·

175 1515 241 1556 cam
265 1507 374 1558 terram
398 1499 568 1572 deduceret,
603 1501 654 1576 qui
676 1509 836 1561 evacuatos
858 1503 1020 1564 incolerent
1042 1521 1147 1580 agros,
1173 1505 1279 1582 copiae

175 1597 240 1658 eius
262 1600 367 1660 crebro
390 1600 567 1658 ludaeorum
594 1601 682 1659 etiam
711 1603 784 1661 fines
815 1612 1013 1676 vexaverunt,
1045 1613 1074 1662 et
1104 1605 1151 1664 vel
1178 1625 1277 1684 regem

172 1717 275 1756 eorum
293 1699 481 1771 Mans-esem,
505 1700 659 1758 occasione
677 1701 795 1773 oblata,
823 1710 942 1778 captum
964 1703 1153 1780 vinctumque
1176 1706 1277 1783 Baby·

173 1797 270 1856 lonem
287 1807 524 1875 asportaverunt

227 1901 258 1978 7)
274 1899 337 1957 Iam
355 1917 426 1960 vero
443 1918 503 1958 uon
521 1900 713 1960 omittendum
730 1910 790 1974 est,
809 1903 889 1980 quod
907 1921 1053 1979 nusquam
1071 1901 1191 1969 Nahum
1209 1923 1276 1980 pec·

171 2009 242 2059 cata
258 2000 362 2076 populi
380 2001 496 2077 arguit,
523 2021 577 2060 nec
594 2010 723 2060 atrocem
741 2002 886 2063 defectum
903 2023 922 2062 a
939 2002 1087 2077 Domino,
1110 2023 1198 2081 quem
1222 2006 1276 2064 ad·

175 2100 333 2173 miserant,
357 2102 535 2178 exprobrat,
560 2102 611 2161 sed
637 2103 731 2162 solam
757 2103 960 2162 liberationem
985 2113 1015 2164 et
1037 2106 1161 2166 salutem
1188 2124 1274 2181 prae·

174 2201 261 2260 dicat.
288 2200 363 2260 Tale
388 2201 459 2280 quid
474 2208 596 2274 autem,
621 2223 656 2260 ne
673 2204 751 2262 forte
772 2204 803 2262 in
827 2205 969 2265 falsorum
994 2206 1203 2282 prophetarum
1221 2227 1276 2264 nu·

143 2349 146 2354 .
175 2319 255 2371 mero
282 2302 454 2375 haberetur,
479 2303 614 2362 omittere
638 2304 759 2362 omuino
783 2323 843 2362 nou
865 2290 1012 2382 poterat,¹
1030 2305 1086 2364 nisi
1110 2323 1146 2362 ea
1169 2307 1274 2381 populi

174 2410 238 2461 erat
255 2402 400 2475 conditio,
424 2412 458 2460 ut
479 2403 585 2478 poeuis
610 2409 732 2479 peccata
755 2404 919 2464 subsecutis
937 2405 1010 2464 satis
1028 2423 1175 2481 superque
1192 2405 1274 2466 vide·

172 2510 255 2560 retur
277 2520 437 2578 oppressus
460 2513 550 2579 atque
571 2503 798 2578 pessumdatus,
822 2513 911 2581 atque
928 2504 1019 2576 adeo,
1045 2507 1274 2582 quantumlieri
1314 2543 1317 2552 ψ

174 2611 293 2680 posset,
323 2603 429 2662 salutis
458 2602 624 2680 promissae
653 2602 760 2672 solatio
791 2624 810 2662 a
838 2603 1044 2681 desperatione
1075 2613 1272 2665 revocaretur.

173 2703 381 2778 Quaerendum
399 2723 470 2780 ergo
487 2703 609 2781 aliquod
627 2711 743 2780 tempus
761 2714 820 2778 est,
839 2725 904 2782 quo
928 2705 1046 2778 Iudaei,
1070 2705 1210 2764 Manasse
1227 2725 1273 2766 re·

173 2813 299 2884 guante,
316 2805 447 2881 graviter
461 2804 566 2864 afflicti
583 2823 713 2864 summas
730 2791 913 2866 calamitates
932 2814 961 2864 et
978 2805 1025 2864 vel
1042 2806 1165 2864 ¹anitium
1182 2815 1274 2882 atque

172 2905 330 2980 perniciem
347 2905 526 2980 reipublicae
542 2905 754 2980 pertimuerint
806 2905 978 2966 Cuiusmodi
1003 2914 1165 2982 tempestas
1186 2907 1274 2966 unica

172 3005 317 3080 reperitur
340 3005 406 3078 illa,
438 3025 498 3083 qna
519 3006 694 3064 Manasse
723 3023 812 3082 rege
838 3007 882 3064 in·
904 3006 1174 3082 captivitatem
1206 3008 1272 3066 ab·

172 3105 262 3164 duct
272 3125 296 3162 o.
307 3105 367 3181 ipsi
383 3107 575 3178 verebantur,
593 3125 645 3177 ne,
672 3107 919 3182 quemadmodum
935 3106 1151 3182 Ephraimitico
1168 3125 1271 3183 regno,

171 3205 215 3263 ita
239 3205 359 3263 ludaico
382 3224 501 3282 quoque
523 3206 659 3264 interitus
680 3205 719 3262 ab
746 3207 881 3282 Assyriis
907 3206 1079 3282 propediem
1106 3215 1271 3282 pararetur.

170 3306 223 3366 cfr.
242 3307 268 3384 ᾗ.
282 3312 308 3364 4.

220 3409 251 3484 8)
274 3405 330 3466 Oui
352 3406 515 3466 sententiae
537 3406 741 3464 documentum
763 3405 907 3480 praebent
927 3404 1058 3464 Nahumi
1082 3405 1271 3492 verbal,1l3

72 3552 75 3576 ,
171 3507 321 3566 declarata
338 3516 390 3581 „et
414 3507 529 3566 vincula
554 3515 608 3566 tna
622 3509 800 3580 ιιιιιιιιιιιιιςα
826 3525 903 3584 quae
926 3505 977 3564 ubi
997 3513 1134 3564 accurate
1151 3521 1271 3582 compa,-

170 3617 274 3666 rantur
290 3627 355 3666 oum
372 3607 429 3668 Ies.
442 3608 489 3680 X,
508 3613 551 3677 27,
575 3607 654 3666 baud
677 3606 802 3665 obscure
818 3607 857 3666 ad
874 3625 973 3684 regern
990 3606 1120 3666 uinctum
1138 3614 1271 3682 captume

171 3725 229 3783 que
245 3708 390 3782 respicere
407 3708 551 3768 videntur.
570 3708 623 3766 cfr.
641 3727 671 3784 p.
684 3712 726 3765 40.

222 3806 307 3880 Quae
320 3825 386 3864 cum
398 3807 441 3866 ita
454 3809 527 3882 sint,
542 3807 715 3868 totiuslibri
727 3805 843 3864 ratione
855 3806 989 3865 videmus
1003 3814 1146 3882 tempus
1159 3805 1269 3878 illud,

71 3929 72 3936 ¹
171 3926 245 3984 quo
263 3905 441 3994 Manasse
467 3909 621 3968 vinctus
640 3906 840 3982 Babylone
862 3909 1079 3979 tenebatur,
1107 3925 1270 3964 noncom-

171 4005 301 4067 mendari
319 4006 414 4065 solum
432 4027 533 4092 rerum
550 4007 688 4084 flagitari.
716 4006 803 4080 Quod
821 4004 1099 4082 iusuper'suadetur
1115 4025 1165 4079 eo,
1189 4005 1269 4080 quod

170 4109 243 4167 nulli
260 4116 378 4185 praeter
395 4108 539 4184 Assyrios
565 4114 831 4167 commemorantur
847 4106 964 4180 hostes,
992 4106 1050 4166 nisi
1073 4106 1151 4163 forte
1168 4107 1269 4180 Aegy·

170 4209 243 4285 ptii3
274 4229 332 4268 non
365 4209 456 4267 multo
489 4216 559 4285 post
589 4207 665 4266 enim
688 4228 707 4266 a
731 4205 888 4266 Chaldaeis
911 4206 1000 4266 etiam
1022 4204 1181 4263 timendum
1205 4212 1271 4263 erat

168 4310 294 4370 Iudaeis.

1050 4407 1068 4443 n
