<?xml version="1.0" encoding="UTF-8"?>
<!DOCTYPE html PUBLIC "-//W3C//DTD XHTML 1.0 Transitional//EN"
    "http://www.w3.org/TR/xhtml1/DTD/xhtml1-transitional.dtd">
<html xmlns="http://www.w3.org/1999/xhtml" xml:lang="en" lang="en">
 <head>
  <title>
</title>
<meta http-equiv="Content-Type" content="text/html;charset=utf-8" />
  <meta name='ocr-system' content='tesseract 3.04.00' />
  <meta name='ocr-capabilities' content='ocr_page ocr_carea ocr_par ocr_line ocrx_word'/>
</head>
<body>
  <div class='ocr_page' id='page_1' title='image "./nahumideninovat03stragoog/nahumideninovat03stragoog_0060.png"; bbox 0 0 3124 4988; ppageno 0'>
   <div class='ocr_carea' id='block_1_1' title="bbox 287 306 1036 372">
    <p class='ocr_par' dir='ltr' id='par_1_1' title="bbox 287 306 1036 372">
     <span class='ocr_line' id='line_1_1' title="bbox 287 306 1036 372; baseline -0.011 0"><span class='ocrx_word' id='word_1_1' title='bbox 287 333 305 372; x_wconf 78' lang='lat' dir='ltr'>u</span> <span class='ocrx_word' id='word_1_2' title='bbox 632 309 877 367; x_wconf 78' lang='lat' dir='ltr'>Puonnooxnus.</span> <span class='ocrx_word' id='word_1_3' title='bbox 904 306 976 366; x_wconf 74' lang='lat' dir='ltr'>(lle.</span> <span class='ocrx_word' id='word_1_4' title='bbox 995 307 1036 364; x_wconf 89' lang='lat'>11.</span> 
     </span>
    </p>
   </div>
   <div class='ocr_carea' id='block_1_2' title="bbox 288 486 1388 572">
    <p class='ocr_par' dir='ltr' id='par_1_2' title="bbox 288 486 1388 572">
     <span class='ocr_line' id='line_1_2' title="bbox 288 486 1388 572; baseline -0.01 -19"><span class='ocrx_word' id='word_1_5' title='bbox 288 513 359 572; x_wconf 92' lang='lat' dir='ltr'>pore</span> <span class='ocrx_word' id='word_1_6' title='bbox 375 511 441 552; x_wconf 87' lang='lat' dir='ltr'>esse</span> <span class='ocrx_word' id='word_1_7' title='bbox 456 492 655 569; x_wconf 83' lang='lat' dir='ltr'>assignatum,</span> <span class='ocrx_word' id='word_1_8' title='bbox 674 508 745 550; x_wconf 85' lang='lat' dir='ltr'>mor</span> <span class='ocrx_word' id='word_1_9' title='bbox 763 491 800 548; x_wconf 85' lang='lat' dir='ltr'>ad</span> <span class='ocrx_word' id='word_1_10' title='bbox 818 489 966 549; x_wconf 85' lang='lat' dir='ltr'>destinata</span> <span class='ocrx_word' id='word_1_11' title='bbox 982 487 1039 547; x_wconf 84' lang='lat' dir='ltr'>sibi</span> <span class='ocrx_word' id='word_1_12' title='bbox 1056 506 1075 544; x_wconf 84' lang='lat' dir='ltr'>a</span> <span class='ocrx_word' id='word_1_13' title='bbox 1092 486 1148 544; x_wconf 88' lang='lat' dir='ltr'>deo</span> <span class='ocrx_word' id='word_1_14' title='bbox 1166 503 1290 544; x_wconf 88' lang='lat' dir='ltr'>munera</span> <span class='ocrx_word' id='word_1_15' title='bbox 1302 503 1388 543; x_wconf 86' lang='lat' dir='ltr'>exse·</span> 
     </span>
    </p>
   </div>
   <div class='ocr_carea' id='block_1_3' title="bbox 288 592 1388 768">
    <p class='ocr_par' dir='ltr' id='par_1_3' title="bbox 288 592 1388 768">
     <span class='ocr_line' id='line_1_3' title="bbox 288 592 635 671; baseline -0.012 -18"><span class='ocrx_word' id='word_1_16' title='bbox 288 594 404 671; x_wconf 83' lang='lat' dir='ltr'>quenda</span> <span class='ocrx_word' id='word_1_17' title='bbox 420 592 538 650; x_wconf 86' lang='lat' dir='ltr'>adducti</span> <span class='ocrx_word' id='word_1_18' title='bbox 557 599 635 650; x_wconf 89' lang='lat' dir='ltr'>sunt.</span> 
     </span>
     <span class='ocr_line' id='line_1_4' title="bbox 337 685 1388 768; baseline -0.009 -17"><span class='ocrx_word' id='word_1_19' title='bbox 337 695 384 753; x_wconf 83' lang='lat' dir='ltr'>lta</span> <span class='ocrx_word' id='word_1_20' title='bbox 400 693 477 752; x_wconf 91' lang='lat' dir='ltr'>enim</span> <span class='ocrx_word' id='word_1_21' title='bbox 494 709 579 751; x_wconf 83' lang='lat' dir='ltr'>sacra</span> <span class='ocrx_word' id='word_1_22' title='bbox 596 709 668 768; x_wconf 71' lang='lat' dir='ltr'>gens</span> <span class='ocrx_word' id='word_1_23' title='bbox 685 709 737 766; x_wconf 90' lang='lat' dir='ltr'>per</span> <span class='ocrx_word' id='word_1_24' title='bbox 755 689 855 748; x_wconf 85' lang='lat' dir='ltr'>omnia</span> <span class='ocrx_word' id='word_1_25' title='bbox 877 687 975 747; x_wconf 85' lang='lat' dir='ltr'>secula</span> <span class='ocrx_word' id='word_1_26' title='bbox 991 687 1128 746; x_wconf 83' lang='lat' dir='ltr'>instituta</span> <span class='ocrx_word' id='word_1_27' title='bbox 1151 695 1240 764; x_wconf 84' lang='lat' dir='ltr'>atque</span> <span class='ocrx_word' id='word_1_28' title='bbox 1263 685 1388 743; x_wconf 86' lang='lat' dir='ltr'>educata</span> 
     </span>
    </p>
   </div>
   <div class='ocr_carea' id='block_1_4' title="bbox 287 787 1386 868">
    <p class='ocr_par' dir='ltr' id='par_1_4' title="bbox 287 787 1386 868">
     <span class='ocr_line' id='line_1_5' title="bbox 287 787 1386 868; baseline -0.011 -14"><span class='ocrx_word' id='word_1_29' title='bbox 287 801 349 866; x_wconf 84' lang='lat' dir='ltr'>est,</span> <span class='ocrx_word' id='word_1_30' title='bbox 372 802 405 852; x_wconf 89' lang='lat' dir='ltr'>ut</span> <span class='ocrx_word' id='word_1_31' title='bbox 421 794 459 851; x_wconf 93' lang='lat' dir='ltr'>ab</span> <span class='ocrx_word' id='word_1_32' title='bbox 476 792 578 868; x_wconf 88' lang='lat' dir='ltr'>aliqua</span> <span class='ocrx_word' id='word_1_33' title='bbox 594 790 732 866; x_wconf 73' lang='lat' dir='ltr'>deinceps</span> <span class='ocrx_word' id='word_1_34' title='bbox 749 797 850 866; x_wconf 82' lang='lat' dir='ltr'>gente,</span> <span class='ocrx_word' id='word_1_35' title='bbox 878 805 955 864; x_wconf 85' lang='lat' dir='ltr'>quae</span> <span class='ocrx_word' id='word_1_36' title='bbox 981 805 1125 846; x_wconf 86' lang='lat' dir='ltr'>summam</span> <span class='ocrx_word' id='word_1_37' title='bbox 1148 787 1185 844; x_wconf 91' lang='lat' dir='ltr'>de</span> <span class='ocrx_word' id='word_1_38' title='bbox 1202 787 1275 844; x_wconf 90' lang='lat' dir='ltr'>orbe</span> <span class='ocrx_word' id='word_1_39' title='bbox 1292 793 1386 842; x_wconf 89' lang='lat' dir='ltr'>terra-</span> 
     </span>
    </p>
   </div>
   <div class='ocr_carea' id='block_1_5' title="bbox 284 885 1400 3462">
    <p class='ocr_par' dir='ltr' id='par_1_5' title="bbox 284 885 1400 3462">
     <span class='ocr_line' id='line_1_6' title="bbox 286 885 1398 969; baseline -0.009 -17"><span class='ocrx_word' id='word_1_40' title='bbox 286 913 350 953; x_wconf 90' lang='lat' dir='ltr'>rum</span> <span class='ocrx_word' id='word_1_41' title='bbox 380 892 541 969; x_wconf 88' lang='lat' dir='ltr'>potentiam</span> <span class='ocrx_word' id='word_1_42' title='bbox 573 899 702 963; x_wconf 87' lang='lat' dir='ltr'>teneret,</span> <span class='ocrx_word' id='word_1_43' title='bbox 732 895 906 958; x_wconf 80' lang='lat' dir='ltr'>vexaretur3</span> <span class='ocrx_word' id='word_1_44' title='bbox 934 899 1037 964; x_wconf 85' lang='lat' dir='ltr'>gentes</span> <span class='ocrx_word' id='word_1_45' title='bbox 1055 895 1169 959; x_wconf 85' lang='lat' dir='ltr'>autem,</span> <span class='ocrx_word' id='word_1_46' title='bbox 1194 905 1270 962; x_wconf 87' lang='lat' dir='ltr'>quae</span> <span class='ocrx_word' id='word_1_47' title='bbox 1287 885 1330 943; x_wconf 88' lang='lat' dir='ltr'>ita</span> <span class='ocrx_word' id='word_1_48' title='bbox 1347 885 1398 942; x_wconf 81' lang='lat' dir='ltr'>ad&#39;</span> 
     </span>
     <span class='ocr_line' id='line_1_7' title="bbox 286 983 1387 1066; baseline -0.008 -15"><span class='ocrx_word' id='word_1_49' title='bbox 286 993 407 1053; x_wconf 74' lang='lat' dir='ltr'>Israelis</span> <span class='ocrx_word' id='word_1_50' title='bbox 425 991 549 1050; x_wconf 86' lang='lat' dir='ltr'>salutem</span> <span class='ocrx_word' id='word_1_51' title='bbox 567 990 795 1066; x_wconf 75' lang='lat' dir='ltr'>comparandam</span> <span class='ocrx_word' id='word_1_52' title='bbox 814 994 1024 1063; x_wconf 85' lang='lat' dir='ltr'>cooperarent,</span> <span class='ocrx_word' id='word_1_53' title='bbox 1050 1005 1110 1044; x_wconf 89' lang='lat' dir='ltr'>non</span> <span class='ocrx_word' id='word_1_54' title='bbox 1133 987 1257 1044; x_wconf 85' lang='lat' dir='ltr'>fortuito</span> <span class='ocrx_word' id='word_1_55' title='bbox 1280 983 1387 1044; x_wconf 82' lang='lat' dir='ltr'>admit·</span> 
     </span>
     <span class='ocr_line' id='line_1_8' title="bbox 287 1085 1385 1166; baseline -0.008 -15"><span class='ocrx_word' id='word_1_56' title='bbox 287 1093 441 1165; x_wconf 86' lang='lat' dir='ltr'>tebantur,</span> <span class='ocrx_word' id='word_1_57' title='bbox 467 1109 569 1149; x_wconf 86' lang='lat' dir='ltr'>verum</span> <span class='ocrx_word' id='word_1_58' title='bbox 591 1109 646 1166; x_wconf 91' lang='lat' dir='ltr'>pro</span> <span class='ocrx_word' id='word_1_59' title='bbox 669 1109 723 1150; x_wconf 83' lang='lat' dir='ltr'>aua</span> <span class='ocrx_word' id='word_1_60' title='bbox 745 1088 859 1161; x_wconf 90' lang='lat' dir='ltr'>indole,</span> <span class='ocrx_word' id='word_1_61' title='bbox 885 1095 915 1145; x_wconf 91' lang='lat' dir='ltr'>ct</span> <span class='ocrx_word' id='word_1_62' title='bbox 930 1094 1021 1162; x_wconf 89' lang='lat' dir='ltr'>prout</span> <span class='ocrx_word' id='word_1_63' title='bbox 1036 1086 1157 1146; x_wconf 79' lang='lat' dir='ltr'>Israelis</span> <span class='ocrx_word' id='word_1_64' title='bbox 1175 1085 1304 1144; x_wconf 89' lang='lat' dir='ltr'>conditio</span> <span class='ocrx_word' id='word_1_65' title='bbox 1322 1085 1385 1142; x_wconf 85' lang='lat' dir='ltr'>exi-</span> 
     </span>
     <span class='ocr_line' id='line_1_9' title="bbox 287 1186 1386 1269; baseline -0.007 -19"><span class='ocrx_word' id='word_1_66' title='bbox 287 1201 385 1269; x_wconf 80' lang='lat' dir='ltr'>geret,</span> <span class='ocrx_word' id='word_1_67' title='bbox 410 1211 429 1249; x_wconf 84' lang='lat' dir='ltr'>e</span> <span class='ocrx_word' id='word_1_68' title='bbox 445 1191 502 1249; x_wconf 95' lang='lat' dir='ltr'>deo</span> <span class='ocrx_word' id='word_1_69' title='bbox 519 1190 712 1267; x_wconf 82' lang='lat' dir='ltr'>eligebantur.</span> <span class='ocrx_word' id='word_1_70' title='bbox 747 1190 829 1248; x_wconf 83' lang='lat' dir='ltr'>Inter</span> <span class='ocrx_word' id='word_1_71' title='bbox 845 1205 921 1266; x_wconf 84' lang='lat' dir='ltr'>quas</span> <span class='ocrx_word' id='word_1_72' title='bbox 937 1187 1064 1263; x_wconf 91' lang='lat' dir='ltr'>primum</span> <span class='ocrx_word' id='word_1_73' title='bbox 1080 1187 1178 1246; x_wconf 89' lang='lat' dir='ltr'>locum</span> <span class='ocrx_word' id='word_1_74' title='bbox 1196 1205 1248 1262; x_wconf 89' lang='lat' dir='ltr'>per</span> <span class='ocrx_word' id='word_1_75' title='bbox 1264 1186 1386 1262; x_wconf 87' lang='lat' dir='ltr'>longum</span> 
     </span>
     <span class='ocr_line' id='line_1_10' title="bbox 287 1286 1387 1368; baseline -0.007 -17"><span class='ocrx_word' id='word_1_76' title='bbox 287 1301 403 1368; x_wconf 89' lang='lat' dir='ltr'>tempus</span> <span class='ocrx_word' id='word_1_77' title='bbox 428 1289 566 1349; x_wconf 87' lang='lat' dir='ltr'>terrebant</span> <span class='ocrx_word' id='word_1_78' title='bbox 588 1288 739 1366; x_wconf 84' lang='lat' dir='ltr'>Aegyptii.</span> <span class='ocrx_word' id='word_1_79' title='bbox 766 1291 795 1347; x_wconf 86' lang='lat' dir='ltr'><strong>A</strong></span> <span class='ocrx_word' id='word_1_80' title='bbox 821 1288 1017 1367; x_wconf 89' lang='lat' dir='ltr'>quibuscum</span> <span class='ocrx_word' id='word_1_81' title='bbox 1040 1307 1059 1346; x_wconf 88' lang='lat' dir='ltr'>a</span> <span class='ocrx_word' id='word_1_82' title='bbox 1084 1286 1268 1345; x_wconf 84' lang='lat' dir='ltr'>Rebabeami</span> <span class='ocrx_word' id='word_1_83' title='bbox 1290 1291 1387 1344; x_wconf 83' lang='lat' dir='ltr'>aetate</span> 
     </span>
     <span class='ocr_line' id='line_1_11' title="bbox 286 1387 1386 1466; baseline -0.007 -16"><span class='ocrx_word' id='word_1_84' title='bbox 286 1399 457 1462; x_wconf 81' lang='lat' dir='ltr'>vacassent,</span> <span class='ocrx_word' id='word_1_85' title='bbox 481 1407 577 1466; x_wconf 91' lang='lat' dir='ltr'>neque</span> <span class='ocrx_word' id='word_1_86' title='bbox 599 1389 668 1447; x_wconf 86' lang='lat' dir='ltr'>inde</span> <span class='ocrx_word' id='word_1_87' title='bbox 690 1389 748 1448; x_wconf 92' lang='lat' dir='ltr'>uisi</span> <span class='ocrx_word' id='word_1_88' title='bbox 771 1389 917 1446; x_wconf 88' lang='lat' dir='ltr'>minorum</span> <span class='ocrx_word' id='word_1_89' title='bbox 941 1387 1070 1465; x_wconf 86' lang='lat' dir='ltr'>gentium</span> <span class='ocrx_word' id='word_1_90' title='bbox 1091 1387 1245 1446; x_wconf 78' lang='lat' dir='ltr'>inimicitia</span> <span class='ocrx_word' id='word_1_91' title='bbox 1267 1402 1386 1444; x_wconf 86' lang='lat' dir='ltr'>exerce·</span> 
     </span>
     <span class='ocr_line' id='line_1_12' title="bbox 287 1486 1385 1566; baseline -0.005 -17"><span class='ocrx_word' id='word_1_92' title='bbox 287 1499 404 1562; x_wconf 90' lang='lat' dir='ltr'>rentur,</span> <span class='ocrx_word' id='word_1_93' title='bbox 422 1491 482 1548; x_wconf 91' lang='lat' dir='ltr'>iam</span> <span class='ocrx_word' id='word_1_94' title='bbox 498 1488 600 1547; x_wconf 90' lang='lat' dir='ltr'>Iudaei</span> <span class='ocrx_word' id='word_1_95' title='bbox 616 1506 676 1547; x_wconf 90' lang='lat' dir='ltr'>uon</span> <span class='ocrx_word' id='word_1_96' title='bbox 692 1489 789 1552; x_wconf 88' lang='lat' dir='ltr'>minus</span> <span class='ocrx_word' id='word_1_97' title='bbox 806 1507 894 1566; x_wconf 83' lang='lat' dir='ltr'>quam</span> <span class='ocrx_word' id='word_1_98' title='bbox 908 1486 1112 1562; x_wconf 82' lang='lat' dir='ltr'>Ephraimitae</span> <span class='ocrx_word' id='word_1_99' title='bbox 1124 1505 1159 1546; x_wconf 91' lang='lat' dir='ltr'>eo</span> <span class='ocrx_word' id='word_1_100' title='bbox 1173 1486 1307 1545; x_wconf 86' lang='lat' dir='ltr'>abierant</span> <span class='ocrx_word' id='word_1_101' title='bbox 1318 1503 1385 1560; x_wconf 92' lang='lat' dir='ltr'>per·</span> 
     </span>
     <span class='ocr_line' id='line_1_13' title="bbox 288 1585 1387 1664; baseline -0.005 -15"><span class='ocrx_word' id='word_1_102' title='bbox 288 1590 452 1662; x_wconf 85' lang='lat' dir='ltr'>versitatis,</span> <span class='ocrx_word' id='word_1_103' title='bbox 471 1599 504 1646; x_wconf 90' lang='lat' dir='ltr'>ut</span> <span class='ocrx_word' id='word_1_104' title='bbox 521 1587 682 1646; x_wconf 88' lang='lat' dir='ltr'>maioribus</span> <span class='ocrx_word' id='word_1_105' title='bbox 700 1605 775 1664; x_wconf 91' lang='lat' dir='ltr'>opus</span> <span class='ocrx_word' id='word_1_106' title='bbox 793 1598 872 1648; x_wconf 88' lang='lat' dir='ltr'>esset</span> <span class='ocrx_word' id='word_1_107' title='bbox 887 1587 1022 1664; x_wconf 88' lang='lat' dir='ltr'>populis,</span> <span class='ocrx_word' id='word_1_108' title='bbox 1048 1587 1101 1664; x_wconf 86' lang='lat' dir='ltr'>qui</span> <span class='ocrx_word' id='word_1_109' title='bbox 1123 1605 1238 1646; x_wconf 89' lang='lat' dir='ltr'>summa</span> <span class='ocrx_word' id='word_1_110' title='bbox 1253 1585 1387 1662; x_wconf 86' lang='lat' dir='ltr'>potentia</span> 
     </span>
     <span class='ocr_line' id='line_1_14' title="bbox 287 1686 1387 1763; baseline -0.005 -15"><span class='ocrx_word' id='word_1_111' title='bbox 287 1691 416 1748; x_wconf 90' lang='lat' dir='ltr'>bumana</span> <span class='ocrx_word' id='word_1_112' title='bbox 432 1688 568 1748; x_wconf 84' lang='lat' dir='ltr'>instructi</span> <span class='ocrx_word' id='word_1_113' title='bbox 591 1707 643 1748; x_wconf 86' lang='lat' dir='ltr'>eos</span> <span class='ocrx_word' id='word_1_114' title='bbox 660 1707 720 1746; x_wconf 89' lang='lat' dir='ltr'>non</span> <span class='ocrx_word' id='word_1_115' title='bbox 737 1698 881 1748; x_wconf 83' lang='lat' dir='ltr'>vexarent</span> <span class='ocrx_word' id='word_1_116' title='bbox 902 1687 1014 1759; x_wconf 88' lang='lat' dir='ltr'>solum,</span> <span class='ocrx_word' id='word_1_117' title='bbox 1039 1706 1139 1746; x_wconf 86' lang='lat' dir='ltr'>verum</span> <span class='ocrx_word' id='word_1_118' title='bbox 1163 1686 1387 1763; x_wconf 84' lang='lat' dir='ltr'>pessumdarent</span> 
     </span>
     <span class='ocr_line' id='line_1_15' title="bbox 287 1787 1385 1865; baseline -0.005 -16"><span class='ocrx_word' id='word_1_119' title='bbox 287 1799 376 1865; x_wconf 89' lang='lat' dir='ltr'>atque</span> <span class='ocrx_word' id='word_1_120' title='bbox 393 1796 586 1848; x_wconf 88' lang='lat' dir='ltr'>contererent.</span> <span class='ocrx_word' id='word_1_121' title='bbox 613 1787 680 1862; x_wconf 78' lang='lat' dir='ltr'>Quo</span> <span class='ocrx_word' id='word_1_122' title='bbox 697 1788 756 1846; x_wconf 85' lang='lat' dir='ltr'>iam</span> <span class='ocrx_word' id='word_1_123' title='bbox 775 1789 873 1848; x_wconf 88' lang='lat' dir='ltr'>officio</span> <span class='ocrx_word' id='word_1_124' title='bbox 890 1787 942 1864; x_wconf 89' lang='lat' dir='ltr'>qui</span> <span class='ocrx_word' id='word_1_125' title='bbox 958 1787 1011 1844; x_wconf 92' lang='lat' dir='ltr'>illo</span> <span class='ocrx_word' id='word_1_126' title='bbox 1028 1795 1161 1864; x_wconf 87' lang='lat' dir='ltr'>tempore</span> <span class='ocrx_word' id='word_1_127' title='bbox 1177 1787 1385 1863; x_wconf 84' lang='lat' dir='ltr'>perfungeren-</span> 
     </span>
     <span class='ocr_line' id='line_1_16' title="bbox 287 1886 1385 1962; baseline -0.004 -14"><span class='ocrx_word' id='word_1_128' title='bbox 287 1899 351 1962; x_wconf 89' lang='lat' dir='ltr'>tur,</span> <span class='ocrx_word' id='word_1_129' title='bbox 379 1889 509 1948; x_wconf 85' lang='lat' dir='ltr'>maxime</span> <span class='ocrx_word' id='word_1_130' title='bbox 530 1887 630 1945; x_wconf 89' lang='lat' dir='ltr'>idonei</span> <span class='ocrx_word' id='word_1_131' title='bbox 651 1888 764 1947; x_wconf 82' lang='lat' dir='ltr'>inventi</span> <span class='ocrx_word' id='word_1_132' title='bbox 787 1896 856 1948; x_wconf 91' lang='lat' dir='ltr'>sunt</span> <span class='ocrx_word' id='word_1_133' title='bbox 872 1887 1002 1962; x_wconf 88' lang='lat' dir='ltr'>Assyrii.</span> <span class='ocrx_word' id='word_1_134' title='bbox 1030 1886 1163 1946; x_wconf 90' lang='lat' dir='ltr'>Primum</span> <span class='ocrx_word' id='word_1_135' title='bbox 1181 1887 1258 1946; x_wconf 88' lang='lat' dir='ltr'>enim</span> <span class='ocrx_word' id='word_1_136' title='bbox 1275 1903 1385 1961; x_wconf 85' lang='lat' dir='ltr'>oppor-</span> 
     </span>
     <span class='ocr_line' id='line_1_17' title="bbox 286 1986 1386 2065; baseline -0.004 -18"><span class='ocrx_word' id='word_1_137' title='bbox 286 1989 398 2048; x_wconf 89' lang='lat' dir='ltr'>tunitas</span> <span class='ocrx_word' id='word_1_138' title='bbox 421 1989 570 2059; x_wconf 88' lang='lat' dir='ltr'>locorum,</span> <span class='ocrx_word' id='word_1_139' title='bbox 597 1987 704 2065; x_wconf 89' lang='lat' dir='ltr'>quibus</span> <span class='ocrx_word' id='word_1_140' title='bbox 728 1989 866 2065; x_wconf 88' lang='lat' dir='ltr'>proprias</span> <span class='ocrx_word' id='word_1_141' title='bbox 891 2005 961 2046; x_wconf 88' lang='lat' dir='ltr'>suas</span> <span class='ocrx_word' id='word_1_142' title='bbox 981 1986 1131 2046; x_wconf 85' lang='lat' dir='ltr'>habebant</span> <span class='ocrx_word' id='word_1_143' title='bbox 1153 1987 1252 2059; x_wconf 87' lang='lat' dir='ltr'>aedes,</span> <span class='ocrx_word' id='word_1_144' title='bbox 1278 1987 1386 2044; x_wconf 85' lang='lat' dir='ltr'>idonea</span> 
     </span>
     <span class='ocr_line' id='line_1_18' title="bbox 287 2085 1385 2164; baseline -0.003 -19"><span class='ocrx_word' id='word_1_145' title='bbox 287 2087 417 2146; x_wconf 85' lang='lat' dir='ltr'>maxime</span> <span class='ocrx_word' id='word_1_146' title='bbox 445 2095 509 2144; x_wconf 86' lang='lat' dir='ltr'>erat</span> <span class='ocrx_word' id='word_1_147' title='bbox 537 2087 649 2162; x_wconf 83' lang='lat' dir='ltr'>ingenti</span> <span class='ocrx_word' id='word_1_148' title='bbox 677 2087 802 2162; x_wconf 88' lang='lat' dir='ltr'>imperio</span> <span class='ocrx_word' id='word_1_149' title='bbox 832 2087 901 2145; x_wconf 91' lang='lat' dir='ltr'>inde</span> <span class='ocrx_word' id='word_1_150' title='bbox 924 2088 1123 2163; x_wconf 85' lang='lat' dir='ltr'>expugnando</span> <span class='ocrx_word' id='word_1_151' title='bbox 1147 2096 1237 2164; x_wconf 86' lang='lat' dir='ltr'>atque</span> <span class='ocrx_word' id='word_1_152' title='bbox 1261 2085 1385 2144; x_wconf 84' lang='lat' dir='ltr'>admini-</span> 
     </span>
     <span class='ocr_line' id='line_1_19' title="bbox 286 2185 1386 2264; baseline -0.004 -18"><span class='ocrx_word' id='word_1_153' title='bbox 286 2187 423 2260; x_wconf 84' lang='lat' dir='ltr'>strando,</span> <span class='ocrx_word' id='word_1_154' title='bbox 450 2185 591 2262; x_wconf 84' lang='lat' dir='ltr'>quoniam</span> <span class='ocrx_word' id='word_1_155' title='bbox 614 2186 741 2245; x_wconf 90' lang='lat' dir='ltr'>medium</span> <span class='ocrx_word' id='word_1_156' title='bbox 763 2187 847 2245; x_wconf 91' lang='lat' dir='ltr'>illum</span> <span class='ocrx_word' id='word_1_157' title='bbox 870 2187 1007 2246; x_wconf 86' lang='lat' dir='ltr'>tenebant</span> <span class='ocrx_word' id='word_1_158' title='bbox 1036 2187 1149 2259; x_wconf 88' lang='lat' dir='ltr'>locum,</span> <span class='ocrx_word' id='word_1_159' title='bbox 1180 2205 1240 2264; x_wconf 89' lang='lat' dir='ltr'>quo</span> <span class='ocrx_word' id='word_1_160' title='bbox 1271 2203 1386 2246; x_wconf 89' lang='lat' dir='ltr'>summa</span> 
     </span>
     <span class='ocr_line' id='line_1_20' title="bbox 286 2286 1385 2365; baseline -0.003 -19"><span class='ocrx_word' id='word_1_161' title='bbox 286 2306 422 2364; x_wconf 90' lang='lat' dir='ltr'>quaeque</span> <span class='ocrx_word' id='word_1_162' title='bbox 436 2286 543 2344; x_wconf 87' lang='lat' dir='ltr'>itinera</span> <span class='ocrx_word' id='word_1_163' title='bbox 567 2305 605 2343; x_wconf 90' lang='lat' dir='ltr'>ex</span> <span class='ocrx_word' id='word_1_164' title='bbox 622 2286 698 2346; x_wconf 79' lang='lat' dir='ltr'>Asia</span> <span class='ocrx_word' id='word_1_165' title='bbox 719 2295 749 2344; x_wconf 93' lang='lat' dir='ltr'>et</span> <span class='ocrx_word' id='word_1_166' title='bbox 764 2287 889 2363; x_wconf 83' lang='lat' dir='ltr'>Europa</span> <span class='ocrx_word' id='word_1_167' title='bbox 914 2295 943 2345; x_wconf 89' lang='lat' dir='ltr'>et</span> <span class='ocrx_word' id='word_1_168' title='bbox 959 2286 1065 2345; x_wconf 81' lang='lat' dir='ltr'>Africa</span> <span class='ocrx_word' id='word_1_169' title='bbox 1086 2287 1216 2365; x_wconf 66' lang='lat' dir='ltr'>numque</span> <span class='ocrx_word' id='word_1_170' title='bbox 1238 2289 1385 2364; x_wconf 86' lang='lat' dir='ltr'>cogeban-</span> 
     </span>
     <span class='ocr_line' id='line_1_21' title="bbox 286 2385 1383 2464; baseline -0.003 -19"><span class='ocrx_word' id='word_1_171' title='bbox 286 2387 368 2459; x_wconf 84' lang='lat' dir='ltr'>tur¹3</span> <span class='ocrx_word' id='word_1_172' title='bbox 396 2405 455 2463; x_wconf 87' lang='lat' dir='ltr'>quo</span> <span class='ocrx_word' id='word_1_173' title='bbox 474 2385 549 2444; x_wconf 86' lang='lat' dir='ltr'>adde</span> <span class='ocrx_word' id='word_1_174' title='bbox 566 2385 743 2462; x_wconf 86' lang='lat' dir='ltr'>singularem</span> <span class='ocrx_word' id='word_1_175' title='bbox 760 2388 834 2446; x_wconf 89' lang='lat' dir='ltr'>coeli</span> <span class='ocrx_word' id='word_1_176' title='bbox 851 2386 930 2446; x_wconf 90' lang='lat' dir='ltr'>illius</span> <span class='ocrx_word' id='word_1_177' title='bbox 948 2387 1132 2462; x_wconf 86' lang='lat' dir='ltr'>temperiem,</span> <span class='ocrx_word' id='word_1_178' title='bbox 1157 2405 1234 2464; x_wconf 87' lang='lat' dir='ltr'>quae</span> <span class='ocrx_word' id='word_1_179' title='bbox 1257 2387 1294 2445; x_wconf 85' lang='lat' dir='ltr'>ad</span> <span class='ocrx_word' id='word_1_180' title='bbox 1319 2405 1383 2444; x_wconf 90' lang='lat' dir='ltr'>cor·</span> 
     </span>
     <span class='ocr_line' id='line_1_22' title="bbox 286 2486 1383 2564; baseline 0 -21"><span class='ocrx_word' id='word_1_181' title='bbox 286 2505 361 2562; x_wconf 91' lang='lat' dir='ltr'>pora</span> <span class='ocrx_word' id='word_1_182' title='bbox 378 2487 552 2545; x_wconf 85' lang='lat' dir='ltr'>obdurenda</span> <span class='ocrx_word' id='word_1_183' title='bbox 570 2486 744 2564; x_wconf 85' lang='lat' dir='ltr'>animosque</span> <span class='ocrx_word' id='word_1_184' title='bbox 763 2507 781 2546; x_wconf 85' lang='lat' dir='ltr'>a</span> <span class='ocrx_word' id='word_1_185' title='bbox 797 2487 921 2546; x_wconf 91' lang='lat' dir='ltr'>mollitie</span> <span class='ocrx_word' id='word_1_186' title='bbox 938 2495 967 2546; x_wconf 89' lang='lat' dir='ltr'>et</span> <span class='ocrx_word' id='word_1_187' title='bbox 984 2486 1108 2563; x_wconf 86' lang='lat' dir='ltr'>segnitie</span> <span class='ocrx_word' id='word_1_188' title='bbox 1120 2487 1304 2546; x_wconf 87' lang='lat' dir='ltr'>revocandos</span> <span class='ocrx_word' id='word_1_189' title='bbox 1321 2505 1383 2544; x_wconf 82' lang='lat' dir='ltr'>ma·</span> 
     </span>
     <span class='ocr_line' id='line_1_23' title="bbox 285 2585 1400 2665; baseline 0 -21"><span class='ocrx_word' id='word_1_190' title='bbox 285 2605 416 2664; x_wconf 88' lang='lat' dir='ltr'>gncpere</span> <span class='ocrx_word' id='word_1_191' title='bbox 432 2586 599 2661; x_wconf 88' lang='lat' dir='ltr'>pertinebat</span> <span class='ocrx_word' id='word_1_192' title='bbox 606 2585 625 2645; x_wconf 82' lang='lat'>².</span> <span class='ocrx_word' id='word_1_193' title='bbox 647 2587 777 2646; x_wconf 87' lang='lat' dir='ltr'>Maxime</span> <span class='ocrx_word' id='word_1_194' title='bbox 794 2598 891 2647; x_wconf 88' lang='lat' dir='ltr'>autem</span> <span class='ocrx_word' id='word_1_195' title='bbox 909 2595 1015 2645; x_wconf 88' lang='lat' dir='ltr'>natura</span> <span class='ocrx_word' id='word_1_196' title='bbox 1032 2606 1134 2646; x_wconf 90' lang='lat' dir='ltr'>eorum</span> <span class='ocrx_word' id='word_1_197' title='bbox 1152 2596 1240 2665; x_wconf 90' lang='lat' dir='ltr'>atque</span> <span class='ocrx_word' id='word_1_198' title='bbox 1257 2586 1400 2658; x_wconf 86' lang='lat' dir='ltr'>indoles„</span> 
     </span>
     <span class='ocr_line' id='line_1_24' title="bbox 288 2686 1384 2764; baseline 0 -20"><span class='ocrx_word' id='word_1_199' title='bbox 288 2687 403 2764; x_wconf 87' lang='lat' dir='ltr'>qualem</span> <span class='ocrx_word' id='word_1_200' title='bbox 421 2693 483 2744; x_wconf 87' lang='lat' dir='ltr'>tam</span> <span class='ocrx_word' id='word_1_201' title='bbox 506 2706 521 2744; x_wconf 91' lang='lat' dir='ltr'>e</span> <span class='ocrx_word' id='word_1_202' title='bbox 539 2686 569 2743; x_wconf 93' lang='lat' dir='ltr'>ll.</span> <span class='ocrx_word' id='word_1_203' title='bbox 589 2705 628 2746; x_wconf 89' lang='lat' dir='ltr'>ss.</span> <span class='ocrx_word' id='word_1_204' title='bbox 643 2706 732 2763; x_wconf 85' lang='lat' dir='ltr'>quam</span> <span class='ocrx_word' id='word_1_205' title='bbox 758 2707 796 2746; x_wconf 91' lang='lat' dir='ltr'>ex</span> <span class='ocrx_word' id='word_1_206' title='bbox 819 2687 1013 2746; x_wconf 88' lang='lat' dir='ltr'>monumentis</span> <span class='ocrx_word' id='word_1_207' title='bbox 1030 2687 1240 2764; x_wconf 86' lang='lat' dir='ltr'>perspicimus,</span> <span class='ocrx_word' id='word_1_208' title='bbox 1264 2696 1384 2746; x_wconf 88' lang='lat' dir='ltr'>strenua</span> 
     </span>
     <span class='ocr_line' id='line_1_25' title="bbox 285 2786 1382 2863; baseline 0.002 -21"><span class='ocrx_word' id='word_1_209' title='bbox 285 2786 338 2846; x_wconf 82' lang='lat' dir='ltr'>illa</span> <span class='ocrx_word' id='word_1_210' title='bbox 355 2786 485 2844; x_wconf 87' lang='lat' dir='ltr'>maxime</span> <span class='ocrx_word' id='word_1_211' title='bbox 502 2793 591 2861; x_wconf 89' lang='lat' dir='ltr'>atque</span> <span class='ocrx_word' id='word_1_212' title='bbox 608 2786 849 2860; x_wconf 83' lang='lat' dir='ltr'>bellicosissima,</span> <span class='ocrx_word' id='word_1_213' title='bbox 872 2787 984 2863; x_wconf 88' lang='lat' dir='ltr'>perfida</span> <span class='ocrx_word' id='word_1_214' title='bbox 1006 2787 1094 2847; x_wconf 90' lang='lat' dir='ltr'>simul</span> <span class='ocrx_word' id='word_1_215' title='bbox 1116 2797 1146 2846; x_wconf 93' lang='lat' dir='ltr'>et</span> <span class='ocrx_word' id='word_1_216' title='bbox 1162 2787 1321 2860; x_wconf 85' lang='lat' dir='ltr'>malitiosa,</span> <span class='ocrx_word' id='word_1_217' title='bbox 1339 2787 1382 2846; x_wconf 90' lang='lat' dir='ltr'>vi-</span> 
     </span>
     <span class='ocr_line' id='line_1_26' title="bbox 286 2883 1383 2962; baseline 0.002 -20"><span class='ocrx_word' id='word_1_218' title='bbox 286 2886 372 2943; x_wconf 91' lang='lat' dir='ltr'>detur</span> <span class='ocrx_word' id='word_1_219' title='bbox 389 2883 612 2942; x_wconf 83' lang='lat' dir='ltr'>consideranda.</span> <span class='ocrx_word' id='word_1_220' title='bbox 638 2885 695 2944; x_wconf 87' lang='lat' dir='ltr'>Est</span> <span class='ocrx_word' id='word_1_221' title='bbox 711 2886 788 2943; x_wconf 89' lang='lat' dir='ltr'>enim</span> <span class='ocrx_word' id='word_1_222' title='bbox 806 2903 878 2962; x_wconf 82' lang='lat' dir='ltr'>gena</span> <span class='ocrx_word' id='word_1_223' title='bbox 895 2886 963 2958; x_wconf 84' lang='lat' dir='ltr'>illa,</span> <span class='ocrx_word' id='word_1_224' title='bbox 983 2906 1059 2962; x_wconf 89' lang='lat' dir='ltr'>quae</span> <span class='ocrx_word' id='word_1_225' title='bbox 1078 2889 1240 2962; x_wconf 88' lang='lat' dir='ltr'>„velociter</span> <span class='ocrx_word' id='word_1_226' title='bbox 1256 2896 1286 2946; x_wconf 91' lang='lat' dir='ltr'>et</span> <span class='ocrx_word' id='word_1_227' title='bbox 1301 2887 1383 2946; x_wconf 85' lang='lat' dir='ltr'>festi-</span> 
     </span>
     <span class='ocr_line' id='line_1_27' title="bbox 286 2983 1383 3063; baseline 0 -20"><span class='ocrx_word' id='word_1_228' title='bbox 286 2993 391 3043; x_wconf 85' lang='lat' dir='ltr'>nanter</span> <span class='ocrx_word' id='word_1_229' title='bbox 407 2983 535 3041; x_wconf 86' lang='lat' dir='ltr'>accurrit</span> <span class='ocrx_word' id='word_1_230' title='bbox 551 3002 569 3042; x_wconf 87' lang='lat' dir='ltr'>a</span> <span class='ocrx_word' id='word_1_231' title='bbox 585 2983 693 3043; x_wconf 86' lang='lat' dir='ltr'>linibus</span> <span class='ocrx_word' id='word_1_232' title='bbox 711 2993 823 3056; x_wconf 84' lang='lat' dir='ltr'>terrae3</span> <span class='ocrx_word' id='word_1_233' title='bbox 848 3004 906 3044; x_wconf 91' lang='lat' dir='ltr'>non</span> <span class='ocrx_word' id='word_1_234' title='bbox 924 2995 970 3046; x_wconf 87' lang='lat' dir='ltr'>est</span> <span class='ocrx_word' id='word_1_235' title='bbox 986 2987 1083 3048; x_wconf 86' lang='lat' dir='ltr'>lassus</span> <span class='ocrx_word' id='word_1_236' title='bbox 1100 2989 1244 3048; x_wconf 87' lang='lat' dir='ltr'>intereos</span> <span class='ocrx_word' id='word_1_237' title='bbox 1261 3007 1314 3045; x_wconf 91' lang='lat' dir='ltr'>nec</span> <span class='ocrx_word' id='word_1_238' title='bbox 1332 2987 1383 3063; x_wconf 92' lang='lat' dir='ltr'>qui</span> 
     </span>
     <span class='ocr_line' id='line_1_28' title="bbox 286 3083 1383 3160; baseline 0.002 -19"><span class='ocrx_word' id='word_1_239' title='bbox 286 3084 446 3160; x_wconf 85' lang='lat' dir='ltr'>impingat3</span> <span class='ocrx_word' id='word_1_240' title='bbox 465 3101 523 3140; x_wconf 93' lang='lat' dir='ltr'>non</span> <span class='ocrx_word' id='word_1_241' title='bbox 542 3083 651 3141; x_wconf 89' lang='lat' dir='ltr'>dormit</span> <span class='ocrx_word' id='word_1_242' title='bbox 667 3103 720 3143; x_wconf 87' lang='lat' dir='ltr'>uec</span> <span class='ocrx_word' id='word_1_243' title='bbox 738 3085 868 3145; x_wconf 85' lang='lat' dir='ltr'>admittit</span> <span class='ocrx_word' id='word_1_244' title='bbox 885 3104 1034 3159; x_wconf 88' lang='lat' dir='ltr'>somnum;</span> <span class='ocrx_word' id='word_1_245' title='bbox 1053 3108 1111 3146; x_wconf 88' lang='lat' dir='ltr'>nou</span> <span class='ocrx_word' id='word_1_246' title='bbox 1131 3089 1228 3148; x_wconf 86' lang='lat' dir='ltr'>soluta</span> <span class='ocrx_word' id='word_1_247' title='bbox 1246 3095 1291 3148; x_wconf 87' lang='lat' dir='ltr'>est</span> <span class='ocrx_word' id='word_1_248' title='bbox 1307 3106 1383 3144; x_wconf 83' lang='lat' dir='ltr'>zona</span> 
     </span>
     <span class='ocr_line' id='line_1_29' title="bbox 285 3183 1383 3266; baseline 0.002 -24"><span class='ocrx_word' id='word_1_249' title='bbox 285 3183 453 3244; x_wconf 90' lang='lat' dir='ltr'>lumborum</span> <span class='ocrx_word' id='word_1_250' title='bbox 471 3183 534 3245; x_wconf 86' lang='lat' dir='ltr'>eius</span> <span class='ocrx_word' id='word_1_251' title='bbox 551 3203 604 3243; x_wconf 87' lang='lat' dir='ltr'>nec</span> <span class='ocrx_word' id='word_1_252' title='bbox 622 3185 758 3246; x_wconf 86' lang='lat' dir='ltr'>atteritur</span> <span class='ocrx_word' id='word_1_253' title='bbox 774 3187 869 3246; x_wconf 90' lang='lat' dir='ltr'>lorum</span> <span class='ocrx_word' id='word_1_254' title='bbox 889 3187 978 3246; x_wconf 87' lang='lat' dir='ltr'>calcei</span> <span class='ocrx_word' id='word_1_255' title='bbox 995 3221 1030 3231; x_wconf 90' lang='lat'><em>—</em></span> <span class='ocrx_word' id='word_1_256' title='bbox 1049 3190 1144 3266; x_wconf 86' lang='lat' dir='ltr'>mugit</span> <span class='ocrx_word' id='word_1_257' title='bbox 1158 3189 1253 3248; x_wconf 83' lang='lat' dir='ltr'>instar</span> <span class='ocrx_word' id='word_1_258' title='bbox 1266 3189 1383 3246; x_wconf 91' lang='lat' dir='ltr'>leonum</span> 
     </span>
     <span class='ocr_line' id='line_1_30' title="bbox 284 3285 1383 3371; baseline -0.001 -26"><span class='ocrx_word' id='word_1_259' title='bbox 284 3286 463 3357; x_wconf 88' lang='lat' dir='ltr'>catulorum,</span> <span class='ocrx_word' id='word_1_260' title='bbox 490 3293 520 3343; x_wconf 89' lang='lat' dir='ltr'>et</span> <span class='ocrx_word' id='word_1_261' title='bbox 536 3285 635 3371; x_wconf 82' lang='lat' dir='ltr'>fremit</span> <span class='ocrx_word' id='word_1_262' title='bbox 651 3295 680 3346; x_wconf 90' lang='lat' dir='ltr'>et</span> <span class='ocrx_word' id='word_1_263' title='bbox 696 3288 776 3363; x_wconf 90' lang='lat' dir='ltr'>capit</span> <span class='ocrx_word' id='word_1_264' title='bbox 799 3288 934 3365; x_wconf 85' lang='lat' dir='ltr'>rapinam</span> <span class='ocrx_word' id='word_1_265' title='bbox 957 3297 987 3348; x_wconf 92' lang='lat' dir='ltr'>et</span> <span class='ocrx_word' id='word_1_266' title='bbox 1008 3290 1119 3362; x_wconf 84' lang='lat' dir='ltr'>aufert,</span> <span class='ocrx_word' id='word_1_267' title='bbox 1147 3308 1241 3366; x_wconf 89' lang='lat' dir='ltr'>neque</span> <span class='ocrx_word' id='word_1_268' title='bbox 1264 3287 1383 3364; x_wconf 86' lang='lat' dir='ltr'>estqui</span> 
     </span>
     <span class='ocr_line' id='line_1_31' title="bbox 285 3383 1382 3462; baseline 0.001 -17"><span class='ocrx_word' id='word_1_269' title='bbox 285 3383 443 3462; x_wconf 78' lang='lat' dir='ltr'>eripiat.“³</span> <span class='ocrx_word' id='word_1_270' title='bbox 468 3384 532 3457; x_wconf 89' lang='lat' dir='ltr'>„Ut</span> <span class='ocrx_word' id='word_1_271' title='bbox 553 3386 658 3445; x_wconf 76' lang='lat' dir='ltr'>heroda</span> <span class='ocrx_word' id='word_1_272' title='bbox 681 3396 818 3462; x_wconf 87' lang='lat' dir='ltr'>currunt,</span> <span class='ocrx_word' id='word_1_273' title='bbox 841 3397 874 3446; x_wconf 90' lang='lat' dir='ltr'>ut</span> <span class='ocrx_word' id='word_1_274' title='bbox 889 3389 1050 3447; x_wconf 83' lang='lat' dir='ltr'>bellatores</span> <span class='ocrx_word' id='word_1_275' title='bbox 1072 3387 1234 3448; x_wconf 81' lang='lat' dir='ltr'>ascendunt</span> <span class='ocrx_word' id='word_1_276' title='bbox 1257 3407 1382 3458; x_wconf 89' lang='lat' dir='ltr'>murum,</span> 
     </span>
    </p>
   </div>
   <div class='ocr_carea' id='block_1_6' title="bbox 286 3640 1383 4380">
    <p class='ocr_par' dir='ltr' id='par_1_6' title="bbox 337 3640 628 3707">
     <span class='ocr_line' id='line_1_32' title="bbox 337 3640 628 3707; baseline 0 -16"><span class='ocrx_word' id='word_1_277' title='bbox 337 3642 364 3702; x_wconf 93' lang='lat' dir='ltr'>l)</span> <span class='ocrx_word' id='word_1_278' title='bbox 380 3640 433 3691; x_wconf 79' lang='lat' dir='ltr'>or.</span> <span class='ocrx_word' id='word_1_279' title='bbox 449 3641 517 3693; x_wconf 82' lang='lat' dir='ltr'>infra</span> <span class='ocrx_word' id='word_1_280' title='bbox 532 3659 557 3707; x_wconf 89' lang='lat' dir='ltr'>p.</span> <span class='ocrx_word' id='word_1_281' title='bbox 571 3643 628 3692; x_wconf 83' lang='lat'>119.</span> 
     </span>
    </p>

    <p class='ocr_par' dir='ltr' id='par_1_7' title="bbox 286 3722 1383 3944">
     <span class='ocr_line' id='line_1_33' title="bbox 336 3722 1383 3789; baseline 0.001 -15"><span class='ocrx_word' id='word_1_282' title='bbox 336 3722 363 3785; x_wconf 76' lang='lat'>2)</span> <span class='ocrx_word' id='word_1_283' title='bbox 381 3724 434 3774; x_wconf 80' lang='lat' dir='ltr'>Gir.</span> <span class='ocrx_word' id='word_1_284' title='bbox 451 3724 565 3775; x_wconf 72' lang='lat' dir='ltr'>Turum</span> <span class='ocrx_word' id='word_1_285' title='bbox 581 3725 628 3773; x_wconf 86' lang='lat'>1.1.</span> <span class='ocrx_word' id='word_1_286' title='bbox 645 3741 670 3789; x_wconf 92' lang='lat' dir='ltr'>p.</span> <span class='ocrx_word' id='word_1_287' title='bbox 683 3724 802 3776; x_wconf 74' lang='lat' dir='ltr'>ult-37.</span> <span class='ocrx_word' id='word_1_288' title='bbox 837 3727 972 3788; x_wconf 87' lang='lat' dir='ltr'>Hodieque</span> <span class='ocrx_word' id='word_1_289' title='bbox 989 3727 1046 3776; x_wconf 87' lang='lat' dir='ltr'>loce</span> <span class='ocrx_word' id='word_1_290' title='bbox 1059 3727 1105 3775; x_wconf 87' lang='lat' dir='ltr'>illa</span> <span class='ocrx_word' id='word_1_291' title='bbox 1122 3726 1330 3777; x_wconf 84' lang='lat' dir='ltr'>bellicosissimae</span> <span class='ocrx_word' id='word_1_292' title='bbox 1346 3734 1383 3775; x_wconf 85' lang='lat' dir='ltr'>te-</span> 
     </span>
     <span class='ocr_line' id='line_1_34' title="bbox 286 3806 1382 3873; baseline 0.005 -16"><span class='ocrx_word' id='word_1_293' title='bbox 286 3814 349 3857; x_wconf 90' lang='lat' dir='ltr'>nent</span> <span class='ocrx_word' id='word_1_294' title='bbox 369 3806 529 3869; x_wconf 89' lang='lat' dir='ltr'>Kurdorum,</span> <span class='ocrx_word' id='word_1_295' title='bbox 551 3810 725 3859; x_wconf 84' lang='lat' dir='ltr'>Assiretarum</span> <span class='ocrx_word' id='word_1_296' title='bbox 747 3809 790 3858; x_wconf 86' lang='lat' dir='ltr'>all.</span> <span class='ocrx_word' id='word_1_297' title='bbox 813 3811 901 3862; x_wconf 85' lang='lat' dir='ltr'>tribus.</span> <span class='ocrx_word' id='word_1_298' title='bbox 925 3811 969 3862; x_wconf 84' lang='lat' dir='ltr'>cir.</span> <span class='ocrx_word' id='word_1_299' title='bbox 992 3809 1094 3860; x_wconf 80' lang='lat' dir='ltr'>Rmrm</span> <span class='ocrx_word' id='word_1_300' title='bbox 1117 3810 1257 3862; x_wconf 82' lang='lat' dir='ltr'>Erdlmnde</span> <span class='ocrx_word' id='word_1_301' title='bbox 1279 3812 1333 3873; x_wconf 90' lang='lat' dir='ltr'>IX,</span> <span class='ocrx_word' id='word_1_302' title='bbox 1357 3813 1382 3871; x_wconf 80' lang='lat'>3,</span> 
     </span>
     <span class='ocr_line' id='line_1_35' title="bbox 287 3893 420 3944; baseline -0.015 -1"><span class='ocrx_word' id='word_1_303' title='bbox 287 3894 347 3943; x_wconf 76' lang='lat' dir='ltr'>tto.</span> <span class='ocrx_word' id='word_1_304' title='bbox 361 3893 420 3944; x_wconf 77' lang='lat'><strong>573.</strong></span> 
     </span>
    </p>

    <p class='ocr_par' dir='ltr' id='par_1_8' title="bbox 286 3975 1383 4380">
     <span class='ocr_line' id='line_1_36' title="bbox 337 3975 1382 4046; baseline 0.002 -20"><span class='ocrx_word' id='word_1_305' title='bbox 337 3976 364 4038; x_wconf 88' lang='grc'>3)</span> <span class='ocrx_word' id='word_1_306' title='bbox 381 3976 431 4026; x_wconf 87' lang='lat' dir='ltr'>les.</span> <span class='ocrx_word' id='word_1_307' title='bbox 449 3975 482 4035; x_wconf 82' lang='lat' dir='ltr'>V,</span> <span class='ocrx_word' id='word_1_308' title='bbox 500 3975 619 4026; x_wconf 72' lang='lat' dir='ltr'>tlt—29.</span> <span class='ocrx_word' id='word_1_309' title='bbox 654 3976 747 4026; x_wconf 90' lang='lat' dir='ltr'>Patent</span> <span class='ocrx_word' id='word_1_310' title='bbox 763 3977 866 4038; x_wconf 86' lang='lat' dir='ltr'>quidem</span> <span class='ocrx_word' id='word_1_311' title='bbox 883 3978 958 4028; x_wconf 88' lang='lat' dir='ltr'>latius</span> <span class='ocrx_word' id='word_1_312' title='bbox 975 3979 1054 4028; x_wconf 83' lang='lat' dir='ltr'>verba</span> <span class='ocrx_word' id='word_1_313' title='bbox 1071 3987 1097 4030; x_wconf 90' lang='lat' dir='ltr'>et</span> <span class='ocrx_word' id='word_1_314' title='bbox 1107 3980 1266 4046; x_wconf 82' lang='lat' dir='ltr'>Babylonios</span> <span class='ocrx_word' id='word_1_315' title='bbox 1282 3991 1382 4042; x_wconf 85' lang='lat' dir='ltr'>quoque</span> 
     </span>
     <span class='ocr_line' id='line_1_37' title="bbox 286 4061 1383 4130; baseline 0.002 -20"><span class='ocrx_word' id='word_1_316' title='bbox 286 4067 325 4122; x_wconf 89' lang='lat' dir='ltr'>st,</span> <span class='ocrx_word' id='word_1_317' title='bbox 343 4062 387 4122; x_wconf 88' lang='lat' dir='ltr'>qui</span> <span class='ocrx_word' id='word_1_318' title='bbox 402 4065 536 4124; x_wconf 84' lang='lat' dir='ltr'>practerea</span> <span class='ocrx_word' id='word_1_319' title='bbox 552 4061 630 4108; x_wconf 85' lang='lat' dir='ltr'>secuti</span> <span class='ocrx_word' id='word_1_320' title='bbox 647 4067 719 4122; x_wconf 84' lang='lat' dir='ltr'>sunt,</span> <span class='ocrx_word' id='word_1_321' title='bbox 735 4061 911 4113; x_wconf 82' lang='lat' dir='ltr'>Israelitarum</span> <span class='ocrx_word' id='word_1_322' title='bbox 934 4064 1020 4114; x_wconf 86' lang='lat' dir='ltr'>hostes</span> <span class='ocrx_word' id='word_1_323' title='bbox 1042 4066 1272 4130; x_wconf 80' lang='lat' dir='ltr'>comprehendunt3</span> <span class='ocrx_word' id='word_1_324' title='bbox 1286 4071 1383 4125; x_wconf 87' lang='lat' dir='ltr'>tamen,</span> 
     </span>
     <span class='ocr_line' id='line_1_38' title="bbox 286 4143 1382 4213; baseline 0.003 -20"><span class='ocrx_word' id='word_1_325' title='bbox 286 4145 359 4194; x_wconf 85' lang='lat' dir='ltr'>sicuti</span> <span class='ocrx_word' id='word_1_326' title='bbox 375 4144 454 4193; x_wconf 75' lang='lat' dir='ltr'>Ioelir</span> <span class='ocrx_word' id='word_1_327' title='bbox 470 4143 548 4193; x_wconf 84' lang='lat' dir='ltr'>verba</span> <span class='ocrx_word' id='word_1_328' title='bbox 559 4145 693 4194; x_wconf 81' lang='lat' dir='ltr'>confestim</span> <span class='ocrx_word' id='word_1_329' title='bbox 704 4144 844 4210; x_wconf 76' lang='lat' dir='ltr'>afferenda,</span> <span class='ocrx_word' id='word_1_330' title='bbox 861 4149 973 4199; x_wconf 85' lang='lat' dir='ltr'>maxime</span> <span class='ocrx_word' id='word_1_331' title='bbox 990 4149 1085 4200; x_wconf 88' lang='lat' dir='ltr'>cadunt</span> <span class='ocrx_word' id='word_1_332' title='bbox 1097 4152 1125 4199; x_wconf 90' lang='lat' dir='ltr'>in</span> <span class='ocrx_word' id='word_1_333' title='bbox 1136 4151 1272 4213; x_wconf 82' lang='lat' dir='ltr'>Assyrios,</span> <span class='ocrx_word' id='word_1_334' title='bbox 1290 4149 1382 4211; x_wconf 86' lang='lat' dir='ltr'>quippe</span> 
     </span>
     <span class='ocr_line' id='line_1_39' title="bbox 286 4228 1382 4298; baseline 0.005 -23"><span class='ocrx_word' id='word_1_335' title='bbox 286 4228 329 4288; x_wconf 84' lang='lat' dir='ltr'>qui</span> <span class='ocrx_word' id='word_1_336' title='bbox 347 4228 421 4292; x_wconf 88' lang='lat' dir='ltr'>primi</span> <span class='ocrx_word' id='word_1_337' title='bbox 438 4240 455 4275; x_wconf 88' lang='lat' dir='ltr'>a</span> <span class='ocrx_word' id='word_1_338' title='bbox 471 4229 643 4292; x_wconf 86' lang='lat' dir='ltr'>septentrione</span> <span class='ocrx_word' id='word_1_339' title='bbox 661 4230 761 4293; x_wconf 78' lang='lat' dir='ltr'>(cinIo.</span> <span class='ocrx_word' id='word_1_340' title='bbox 770 4231 838 4294; x_wconf 78' lang='lat'>11,2‚</span> <span class='ocrx_word' id='word_1_341' title='bbox 848 4235 890 4297; x_wconf 79' lang='lat'>20)</span> <span class='ocrx_word' id='word_1_342' title='bbox 906 4241 1041 4296; x_wconf 86' lang='lat' dir='ltr'>venerunt,</span> <span class='ocrx_word' id='word_1_343' title='bbox 1059 4241 1085 4284; x_wconf 88' lang='lat' dir='ltr'>et</span> <span class='ocrx_word' id='word_1_344' title='bbox 1102 4234 1192 4295; x_wconf 82' lang='lat' dir='ltr'>quibus</span> <span class='ocrx_word' id='word_1_345' title='bbox 1208 4233 1304 4298; x_wconf 84' lang='lat' dir='ltr'>posteri</span> <span class='ocrx_word' id='word_1_346' title='bbox 1320 4244 1382 4294; x_wconf 84' lang='lat' dir='ltr'>quo·</span> 
     </span>
     <span class='ocr_line' id='line_1_40' title="bbox 286 4304 1325 4380; baseline 0.007 -23"><span class='ocrx_word' id='word_1_347' title='bbox 286 4304 424 4359; x_wconf 86' lang='lat' dir='ltr'>dammodo</span> <span class='ocrx_word' id='word_1_348' title='bbox 442 4312 643 4364; x_wconf 85' lang='lat' dir='ltr'>continebantur.</span> <span class='ocrx_word' id='word_1_349' title='bbox 661 4317 706 4366; x_wconf 82' lang='lat' dir='ltr'>eir.</span> <span class='ocrx_word' id='word_1_350' title='bbox 725 4317 776 4379; x_wconf 88' lang='lat' dir='ltr'>Ies,</span> <span class='ocrx_word' id='word_1_351' title='bbox 794 4318 868 4380; x_wconf 87' lang='lat' dir='ltr'>XIV,</span> <span class='ocrx_word' id='word_1_352' title='bbox 886 4319 998 4368; x_wconf 77' lang='lat'>24-27</span> <span class='ocrx_word' id='word_1_353' title='bbox 1017 4324 1043 4366; x_wconf 88' lang='lat' dir='ltr'>et</span> <span class='ocrx_word' id='word_1_354' title='bbox 1058 4317 1217 4367; x_wconf 68' lang='lat' dir='ltr'>mutuatur.</span> <span class='ocrx_word' id='word_1_355' title='bbox 1236 4331 1260 4368; x_wconf 87' lang='lat' dir='ltr'>a.</span> <span class='ocrx_word' id='word_1_356' title='bbox 1271 4316 1297 4364; x_wconf 94' lang='lat' dir='ltr'>b.</span> <span class='ocrx_word' id='word_1_357' title='bbox 1308 4317 1325 4365; x_wconf 84' lang='lat' dir='ltr'>l.</span> 
     </span>
    </p>
   </div>
   <div class='ocr_carea' id='block_1_7' title="bbox 0 0 1566 4988">
    <p class='ocr_par' dir='ltr' id='par_1_9' title="bbox 0 0 1566 4988">
     <span class='ocr_line' id='line_1_41' title="bbox 0 0 1566 4988; baseline 0 0"><span class='ocrx_word' id='word_1_358' title='bbox 0 0 1566 4988; x_wconf 95' lang='lat' dir='ltr'> </span> 
     </span>
    </p>
   </div>
  </div>
 </body>
</html>
