3124 4988
523 317 549 394 ξ.
567 321 592 375 3.
618 316 667 376 Du
686 333 808 384 nnrnrs
825 311 965 376 Nsuur'rr'.
1229 337 1289 382 xm

185 509 244 560 tem
261 502 298 561 de
316 501 466 562 miraculis
484 501 547 560 eius
564 507 594 558 et
610 509 706 560 morte
722 501 773 558 ille
789 500 938 571 narravit,
962 519 996 558 ea
1014 507 1135 575 apertae
1151 503 1289 563 videntur

185 602 304 661 fabulam
321 621 395 662 esse.
426 585 534 672 Οὗτος
553 592 637 676 μετὰ
663 593 720 660 τὸν
743 589 861 658 'leceris
886 592 987 681 τέρας
1017 589 1138 660 ἔδωκεν
1164 598 1222 662 ἐπὶ
1246 603 1294 686 τῇ,

186 695 319 775 Nicaei,
343 693 396 762 ὅτι
408 689 484 762 ’ὑπὸ
506 689 635 761 ὑδάτων
656 693 801 779 γλυκέων
817 692 880 758 ,καὶ
902 691 1010 780 πυρὸς
1029 692 1180 779 ἐπιγείου
1200 691 1288 762 dno-

183 797 345 860 τελεῖται·
370 787 389 861 ὃ
413 795 470 859 καὶ
485 792 630 878 γέγονεν·
654 788 673 879 ἡ
690 792 753 880 γὰρ
769 792 970 879 περιέχουσα
985 785 1086 880 αὐτὴν
1096 793 1194 882 λίμνη
1209 819 1288 862 κατ-

184 893 321 960 έκλυσεν
348 887 451 980 αὐτὴν
474 892 509 958 ἐν
538 891 680 978 οείσμῳ,
712 891 770 956 καὶ
798 897 865 980 πῦρ
893 891 930 960 ἐκ
956 895 1017 980 τῆς
1042 891 1168 981 ἐρήμου
1189 893 1288 960 ἐπαλ-

185 989 248 1058 θόν
263 987 371 1058 πάντα
393 987 589 1080 ὑψηλότερα
604 987 707 1079 αὐτῆς
721 990 901 1080 ἐνέπρησαν
914 991 1011 1078 μέρη.
1037 986 1237 1060 Ἀπέθανον
1251 995 1289 1062 δὲ

187 1095 308 1174 Noniae
337 1092 371 1158 ἐν
399 1088 529 1179 εἰρήνῃ,
555 1090 613 1160 καὶ
639 1088 747 1178 ἐτάφη
776 1089 811 1158 ἐν
836 1094 878 1180 τῇ
905 1095 947 1180 γῇ
980 1087 1083 1160 αὐτοῦ
1113 1090 1286 1179 Βργαβάρ.

185 1201 238 1258 cir.
256 1199 374 1260 Hunrn
391 1202 552 1264 demonstr.
567 1199 699 1274 evangel.
713 1199 767 1272 IV,
779 1201 805 1276 ᾗ.
819 1203 845 1258 5.
871 1199 1041 1260 Onnrzovrr
1053 1200 1166 1262 Introd.
1183 1221 1213 1276 p.
1227 1205 1287 1260 387.

184 1301 219 1358 In
232 1300 448 1378 Martyrologio
462 1299 600 1358 Romano
613 1299 800 1360 Bethabarae
818 1309 951 1360 mortuus
967 1309 1059 1378 atque
1075 1301 1207 1377 sepultus
1223 1321 1291 1364 *esse

186 1401 327 1474 traditur,
346 1409 376 1461 et
392 1401 533 1462 calendae
549 1398 729 1460 Decembres
747 1401 906 1462 memoriae
924 1401 987 1462 eius
1005 1411 1213 1464 eonsecrantur
1222 1402 1240 1461 ¹.

496 1653 521 1728 ξ.
538 1655 564 1710 3.
590 1665 639 1713 DE
658 1666 804 1714 AETATE
823 1664 980 1715 NAHUMI.

234 1801 298 1862 Iam
317 1821 387 1860 vero
404 1809 531 1862 aetatem
549 1800 680 1862 Nahumi
697 1801 863 1862 accuratius
879 1800 1078 1877 indagandam
1091 1803 1289 1879 aggredienti-

185 1905 241 1962 bus
264 1903 368 1978 ingens
391 1903 492 1962 stetim
515 1923 564 1962 vv.
588 1902 636 1962 dd.
661 1902 789 1961 occurrit
814 1901 1022 1978 discrepantia.
1063 1903 1182 1964 Accidit
1212 1905 1290 1964 euim

185 2003 340 2074 Nahumo,
365 2003 447 2080 quod
469 2003 520 2063 alii
543 2022 662 2080 quoqne
679 2004 842 2079 prophetae
859 2003 943 2079 passi
966 2013 1050 2074 suut,
1076 2022 1124 2062 ex.
1142 2022 1186 2079 gr.
1206 2004 1289 2066 Oba-

185 2105 250 2177 dia,
267 2112 300 2162 ut
316 2123 370 2180 per
387 2123 475 2162 omne
491 2104 553 2166 fere
570 2112 702 2181 tempus,
721 2123 759 2162 ex
777 2123 837 2179 quo
854 2123 940 2169 sacra
961 2111 1063 2162 vatum
1081 2105 1201 2164 oracula
1218 2107 1289 2166 seri·

185 2213 238 2279 pto
256 2204 397 2264 mandata
413 2205 453 2262 ad
469 2213 606 2280 posteros
623 2213 837 2280 pervenerunt,
863 2204 989 2266 diversis
1012 2203 1205 2281 interpretum
1222 2225 1290 2266 sen-

186 2305 285 2365 tentiis
309 2305 357 2362 hic
379 2304 441 2364 illic
463 2323 534 2365 suus
557 2304 583 2362 ei
606 2305 690 2366 locus
715 2305 925 2382 assignaretur.
951 2305 1050 2378 Quid?
1075 2307 1154 2382 quod
1171 2307 1290 2366 fuerunt

186 2405 292 2475 etiam,
317 2405 368 2480 qui
385 2404 617 2464 vetustissimum
634 2405 764 2464 omnium
782 2404 995 2480 prophetarum
1012 2403 1152 2488 (quorum
1170 2406 1290 2483 quidem

185 2504 327 2564 vaticinia
343 2505 508 2580 perscripta
525 2505 607 2581 sunt)
625 2503 794 2564 Nahumum
813 2523 878 2564 esse
895 2513 1048 2564 censerent
1064 2504 1131 2580 (cfr.
1150 2507 1289 2566 Manem

186 2617 291 2664 comm.
309 2605 340 2662 in
357 2605 421 2664 XII
437 2605 569 2682 propa),
589 2624 654 2664 cum
671 2604 752 2664 Insu
770 2614 799 2663 et
815 2606 964 2665 Iunonem
981 2621 1083 2679 regum
1100 2613 1196 2664 aetate
1213 2608 1289 2666 vati·

186 2707 315 2764 cinctum
333 2725 397 2766 esse
414 2715 626 2766 asseverarent.
649 2707 762 2776 Eorum
779 2715 895 2778 autem,
914 2705 965 2783 qui
983 2723 1049 2764 cum
1060 2707 1176 2766 ratione
1188 2706 1289 2782 potius

187 2815 216 2866 et
232 2807 445 2866 deliberatione
461 2807 702 2881 disputaverunt,
721 2825 826 2883 agmen
844 2807 924 2866 ducit
940 2806 1108 2879 losannae,
1127 2808 1179 2884 qui
1195 2809 1289 2868 Arch.

185 2907 248 2978 IX,
268 2912 298 2964 ll
317 2908 489 2966 lothamo
506 2923 591 2982 rege,
617 2906 669 2966 GL
686 2907 773 2966 aunis
791 2916 860 2966 aute
876 2907 990 2966 Ninum
1007 2925 1159 2980 eversam,
1185 2907 1290 2968 Nahu-

186 3027 267 3066 mum
282 3008 375 3066 Ionae
391 3007 517 3083 uestigia
537 3007 683 3082 pressisse
700 3008 830 3068 tradidit.
866 3007 982 3066 Deinde
1007 3009 1046 3066 ab
1063 3007 1200 3066 Usssaro
1222 3008 1290 3084 (an-

186 3107 276 3183 nai),
301 3108 352 3182 qui
371 3116 480 3165 temere
496 3107 535 3164 ad
553 3109 803 3183 expugnationem
819 3107 893 3166 Nini
917 3109 954 3166 ab
971 3108 1091 3166 Arbace
1113 3108 1221 3170 factam
1243 3129 1290 3168 re·

81 3201 83 3204 ’
186 3205 300 3282 spexit,
326 3207 436 3282 quippe
458 3207 494 3264 de
518 3225 579 3282 qua
595 3209 761 3266 narraverit
777 3207 946 3279 Diodorus,
966 3207 1110 3265 Achaei
1127 3225 1220 3282 regno
1237 3210 1290 3265 ad-

186 3308 314 3382 scriptus
332 3315 387 3365 est.
411 3306 489 3364 Tum
506 3323 577 3364 vero
595 3307 727 3365 maxima
741 3308 935 3380 interpretum
946 3324 1018 3381 pars
1032 3324 1067 3362 eo
1080 3313 1290 3380 conuenerunt,

186 3408 266 3484 quod
279 3406 441 3466 Hiskiae
458 3413 584 3466 aetaoem
602 3406 731 3465 maxime
747 3407 885 3464 idoneam
899 3407 1099 3482 opinarentur,
1118 3425 1178 3482 quo
1192 3419 1290 3468 vatem

187 3509 331 3569 cecinisse
346 3517 502 3584 putarent,
517 3506 737 3580 theucnristus,
751 3507 996 3579 Tnuooonurus,
1010 3506 1289 3581 Tnnoenrnacrus

190 3607 369 3666 (teneamus
386 3625 408 3668 n
424 3609 558 3680 Laeron,
578 3605 750 3680 Ostorius,
769 3609 932 3667 desanaus
949 3607 1000 3666 all.
1010 3627 1018 3679 ;
1049 3617 1233 3684 sequerere
1258 3609 1290 3668 in

187 3716 320 3782 tempore
344 3709 510 3769 distinctius
535 3708 698 3774 definiendo
721 3708 923 3780 consentiunt3
949 3707 1000 3766 alii
1026 3691 1101 3766 enim
1120 3705 1291 3770 Salmonae·

186 3883 386 3891 ——--—-—-—-

240 4003 264 4064 l)
287 4000 458 4066 sequentibus
481 4001 570 4052 diebus
593 4002 733 4053 Habakuki
757 4011 783 4054 et
804 4003 951 4070 Zephauiae
974 4003 1110 4062 memorie,
1139 4004 1182 4066 qui
1206 4001 1294 4052 iudicii

188 4087 346 4136 imminentis
363 4084 554 4150 praedieatione
571 4101 628 4135 cum
639 4085 760 4138 Nahumc
778 4089 940 4138 eontinentur
957 4087 1013 4148 (cfr.
1026 4088 1196 4136 Hrrvrarucre
1210 4087 1292 4135 Vorll.

185 4170 248 4219 nter
265 4170 357 4220 Theol.
376 4169 421 4220 des
439 4170 473 4218 A.
492 4167 523 4217 T.
543 4185 566 4232 p.
581 4169 640 4229 160)
665 4171 727 4220 satis
752 4173 884 4235 ingeniose
908 4173 1039 4234 assignata
1062 4176 1114 4232 est3
1137 4168 1206 4233 quod
1230 4183 1291 4232 quo·
1327 4206 1331 4213 -

186 4254 263 4304 modo
282 4269 298 4303 a
315 4255 437 4318 temporis
455 4253 618 4303 ecclesiastici
638 4254 739 4304 ratione
757 4255 924 4320 repetendum
942 4257 989 4315 sit,
1007 4251 1120 4304 ostendit
1137 4251 1292 4307 RSrunuss

187 4337 233 4388 das
252 4338 429 4402 evangelisehe
446 4337 617 4402 Kirehenjehr
632 4353 658 4401 p.
671 4339 712 4385 87.
731 4327 772 4387 89.
