3124 4988
479 285 505 361 ξ.
524 288 549 344 5.
576 283 626 346 Da
644 301 740 347 annus
758 288 968 350 Assumosura
1200 307 1278 352 xxxi

177 468 338 545 prophetas
355 467 394 528 ad
411 467 551 528 Israelem
568 467 678 528 missos
696 485 779 540 esse,
802 476 894 546 atque
915 470 947 531 in
964 470 1027 532 eins
1043 472 1140 534 salute
1156 491 1274 552 compa·

176 569 270 630 randa
287 569 415 628 officium
432 587 535 630 eorum
552 575 647 628 totum
664 567 795 642 versari,
812 577 901 647 atque
918 570 994 634 adeo
1011 572 1047 632 de
1060 572 1207 633 radduiis
1222 577 1276 634 ad·

175 687 279 730 uersos
295 669 467 746 peregrinas
485 677 587 745 gentes
603 668 738 743 prolatas
748 669 843 744 probe
855 671 996 732 statuisse
1005 672 1191 746 Krucnruu,
1209 693 1274 734 cun

176 769 298 830 diceret:
317 787 532 847 ‚,quaecunque
548 776 653 828 contra
668 777 770 844 gentes
786 770 956 845 proterunt,
979 791 1015 832 ea
1031 782 1154 850 propter
1170 773 1275 834 ludam

175 870 307 928 dieunt.“
334 869 436 928 Primo
453 869 530 928 enim
547 869 632 942 loco,
656 887 722 928 cum
738 869 776 930 iis
787 871 856 930 dere
872 871 1024 949 gentibus,
1048 893 1067 932 a
1084 873 1191 950 quibus
1207 893 1276 952 gra·

176 970 252 1029 viter
268 979 392 1046 propter
407 977 530 1045 peccata
546 988 601 1028 sna
617 970 818 1043 vexabantur,
836 989 969 1034 summae
985 973 1170 1034 calamitates
1186 983 1277 1052 atque

175 1070 312 1130 interitus
329 1070 577 1147 praedicerentur,
602 1069 741 1131 solatium
762 1071 832 1130 inde
850 1080 880 1130 et
895 1073 1001 1134 salutis
1017 1073 1162 1134 certitudo
1179 1075 1275 1136 Israe-

175 1171 237 1231 litis
253 1171 443 1248 percipienda
458 1169 692 1247 proponebatur,
710 1189 765 1230 nec
781 1190 842 1230 non
859 1173 1062 1234 misericordia
1077 1175 1124 1234 dei
1138 1184 1167 1235 et
1180 1177 1275 1236 omni-

175 1272 325 1347 potentia,
348 1271 396 1330 cui
412 1271 469 1332 soli
486 1271 664 1332 confiderent
681 1291 776 1358 neque
794 1272 831 1333 ab
849 1273 1018 1334 hominibus
1034 1283 1168 1350 peterent
1190 1277 1276 1338 auxi·

175 1372 261 1445 lium3
283 1380 345 1432 tum
362 1391 433 1432 vero
455 1371 557 1452 gravis
574 1371 663 1430 etiam
681 1371 877 1432 exhibebatur
894 1375 1101 1449 commonitio,
1127 1384 1160 1436 ut
1177 1394 1275 1436 secum

175 1481 361 1549 reputarent,
392 1492 457 1532 cum
480 1480 565 1536 tanta
586 1471 732 1548 supplicia
754 1491 857 1546 eorum
886 1474 1089 1552 ingererentur
1118 1477 1276 1552 capitibus,

176 1574 228 1651 qui
245 1573 430 1632 offenderunt
441 1572 603 1631 Dominum
619 1571 671 1630 vix
689 1571 791 1649 aliqua
807 1573 865 1632 sibi
882 1575 1032 1650 cognitum
1050 1577 1171 1649 notitia,
1190 1577 1276 1655 quid·

176 1693 245 1734 nam
269 1673 343 1750 ipsis
366 1689 442 1751 quos
465 1690 550 1730 sacro
575 1671 632 1730 sibi
652 1671 768 1747 peculio
785 1672 914 1749 elegerat
931 1673 1019 1747 deus,
1044 1677 1205 1753 atquibus
1222 1697 1276 1736 no·

176 1793 244 1832 men
267 1791 358 1852 suum
376 1771 612 1848 splendidissime
635 1771 771 1846 deinceps
793 1775 1030 1848 cognoscendum
1063 1784 1153 1853 atque
1181 1778 1277 1852 perci-

176 1873 317 1950 piendum
333 1873 527 1949 praebuerat,
545 1872 617 1950 quid
634 1871 691 1932 sibi
708 1871 856 1936 videretur
873 1874 1105 1949 expectendum,
1123 1895 1189 1936 curn
1206 1895 1277 1955 gen·

176 1975 249 2033 dom
271 1975 401 2050 peccatis
425 1983 455 2033 et
476 1973 734 2050 superstitionibus
759 1972 934 2048 imperatam
957 1992 976 2033 a
1005 1974 1061 2034 deo
1090 1978 1276 2037 sanctitatem

177 2074 263 2134 foede
279 2074 521 2153 inquinassentl.¹
537 2107 574 2118 -
591 2075 635 2132 At
651 2091 722 2132 vero
740 2073 883 2132 eiusmodi
900 2075 1040 2135 vaticinia
1061 2076 1150 2137 latius
1174 2086 1277 2154 patere

176 2175 327 2248 videntur;
350 2195 404 2234 nec
420 2175 567 2251 permulta
584 2175 705 2234 oracula
720 2173 790 2247 illa,
807 2194 884 2252 quae
899 2176 1030 2254 integras
1047 2197 1156 2256 easque
1180 2180 1277 2238 maxi·

177 2295 242 2338 mas
259 2276 406 2336 interdum
421 2275 566 2348 librorum
583 2274 823 2350 propheticorum
840 2277 998 2336 conficiunt
1007 2287 1125 2352 partes,
1138 2279 1277 2354 gentibus

178 2385 320 2453 tanquam
334 2375 423 2435 meris
433 2375 578 2452 exemplis
591 2383 682 2450 atque
692 2374 895 2434 instrumentis
908 2384 1044 2449 utuntur,
1059 2377 1166 2454 quibus
1173 2378 1277 2438 Iudaei

177 2477 372 2537 educarentur
389 2474 567 2551 explicatior
586 2493 687 2534 rerum
703 2473 787 2550 ipsus
805 2489 923 2551 quoque
944 2475 1068 2536 mirifico
1084 2478 1166 2536 verbi
1184 2478 1276 2538 divini

178 2577 224 2637 ris
238 2585 267 2635 et
281 2575 440 2636 efficacitas
453 2574 528 2652 petit
541 2582 631 2652 utque
640 2574 782 2650 percellit.
807 2574 967 2634 lntercedit
979 2576 1057 2634 enim
1074 2585 1176 2637 mutua
1186 2598 1276 2655 quae·

177 2677 246 2739 dam
271 2676 443 2736 vicissitudo
469 2676 547 2735 inter
571 2675 694 2734 electum
717 2675 764 2734 dei
788 2675 931 2751 populum
955 2685 985 2736 et
1013 2677 1145 2754 reliquas
1173 2688 1277 2754 gentes

177 2797 293 2850 omues3
315 2778 431 2855 generis
454 2775 574 2836 humani
597 2794 703 2837 caussa
726 2776 821 2836 lsrael
841 2776 935 2836 electa
958 2786 1020 2851 est,
1050 2787 1153 2856 gentes
1177 2789 1277 2840 autem

177 2878 209 2936 in
227 2878 379 2936 educanda
395 2878 506 2938 lsraele
522 2895 578 2953 pro
596 2895 650 2936 suo
668 2875 789 2934 modulo
806 2886 981 2952 cooperant3
999 2878 1066 2936 ideo
1079 2880 1164 2939 sedes
1176 2899 1277 2940 earum

178 2979 338 3038 secundum
360 2979 566 3054 praestitutam
582 2976 703 3036 Israelis
724 2977 870 3036 rationem
891 2997 911 3036 a
932 2979 989 3038 deo
1006 2978 1181 3040 distributae
1197 2990 1277 3054 sunt,

176 3077 267 3137 Deut.
284 3077 426 3150 XXXII,
444 3081 469 3136 8.
499 3079 567 3136 Act.
585 3076 691 3150 XVII,
709 3080 752 3136 26'.
770 3081 818 3150 tt,
845 3085 876 3134 et
891 3097 939 3136 res
956 3097 1057 3136 earum
1073 3079 1196 3156 fataque
1212 3083 1277 3139 uni·

178 3197 266 3239 versa
282 3185 362 3242 certa
380 3177 508 3254 quadam
532 3193 597 3235 curn
623 3195 707 3235 sacro
731 3175 860 3235 foederis
882 3178 995 3253 populo
1019 3161 1204 3236 continentur
1227 3199 1276 3238 ne-

178 3279 316 3340 cessitate
339 3287 428 3355 atque
450 3276 608 3338 secundum
631 3289 697 3334 eum
719 3277 920 3354 gubernantur
937 3275 1103 3350 modulum,
1128 3297 1188 3354 quo
1206 3297 1277 3356 erga

177 3379 318 3442 lsraelem
340 3398 405 3440 sese
429 3375 575 3456 gesserint
600 3384 628 3436 et
652 3383 765 3436 statuta
790 3375 847 3436 sibi
872 3393 994 3436 munera
1010 3377 1142 3436 exsecuti
1158 3379 1278 3441 fuerint.

178 3481 232 3540 cfr.
251 3479 337 3540 Such.
349 3481 380 3553 I,
398 3483 439 3538 15.
462 3479 546 3555 Ergo
563 3495 600 3536 ea
617 3494 737 3554 queque
754 3475 1012 3556 vaticIniorumde
1027 3479 1190 3554 peregrlnis
1206 3497 1278 3556 gen·

179 3580 259 3640 tibus
277 3581 422 3639 editorum
439 3577 568 3656 dignitas
585 3586 646 3650 est,
669 3577 750 3655 qnod
771 3595 827 3652 pro
849 3577 1027 3637 testimoniis
1051 3577 1187 3637 habenda
1210 3589 1278 3638 sunt

180 3689 269 3756 atque
287 3681 438 3739 sententiis
456 3679 560 3738 edictis
577 3679 615 3737 ab
633 3696 684 3751 eo,
703 3675 754 3754 qui
769 3677 941 3736 Abrahamo
958 3677 1029 3737 olim
1048 3687 1077 3737 et
1094 3679 1198 3738 semini
1215 3679 1278 3740 eius

178 3779 330 3858 promisit:
349 3780 540 3852 „benedicam
557 3779 609 3852 iis,
628 3777 679 3856 qui
697 3777 752 3836 tibi
768 3778 988 3852 benedixerint,
1007 3788 1036 3838 et
1052 3779 1104 3857 qui
1117 3775 1176 3838 'tibi
1189 3781 1279 3840 male·

179 3880 324 3952 dixerint,
347 3879 385 3938 iis
402 3880 597 3940 maledicam“
621 3877 697 3939 Gen.
715 3878 794 3950 ΧΠ,
812 3881 846 3951 3,
870 3879 1027 3940 declaratis
1048 3880 1080 3938 in
1103 3881 1200 3939 medio
1224 3881 1279 3940 illo

180 3982 262 4041 orbis
279 3987 422 4039 terrarum
440 3980 523 4051 loco,
549 3997 609 4055 quo
627 3979 782 4038 universae
798 3980 912 4054 generis
936 3980 1056 4039 humani
1077 3999 1125 4039 res
1149 3980 1279 4055 undique

180 4101 281 4142 ornnes
299 4088 457 4158 coguntur,
482 4088 631 4154 postremo
649 4078 809 4138 enuntiatis
827 4079 865 4138 ab
883 4081 945 4140 eius
963 4079 1066 4158 populi
1083 4080 1223 4151 ducibus,
1241 4079 1279 4138 ad

234 4310 259 4371 1)
277 4309 330 4362 Otr.
347 4310 473 4362 Hanusra.
492 4305 611 4359 Christol.
630 4305 686 4368 111,
704 4317 730 4368 p.
743 4305 801 4356 199.
