3126 5000
261 283 283 354 8
687 287 806 363 Ossl,
824 294 945 348 ut-ss.

257 471 565 546 ersomr.‚1rw.
595 472 822 546 contenderunt,
850 471 918 532 ideo
942 473 1132 550 praesertim,
1159 477 1241 554 quod
1269 477 1368 555 prims

257 575 350 635 verbo
362 593 428 634 oum
443 573 634 652 sequentibus
651 572 734 631 nullo
751 572 841 632 modo
858 573 1045 638 cohaereant.
1074 577 1118 634 At
1131 595 1203 636 vero
1217 597 1367 656 quaenam

257 683 361 753 potest·
380 673 566 734 manifestior
589 691 655 733 esse
676 673 880 748 necessitudo,
904 693 994 753 quem
1017 695 1093 755 quae
1115 676 1272 762 intercedit
1288 680 1368 740 inter

258 782 462 854 argumentum
492 773 562 833 libri
592 781 622 834 et
651 774 822 834 auctorem?
872 760 1011 849 Accedit,
1048 777 1129 854 qood
1165 778 1224 838 nisi
1254 772 1367 841 mentio

259 877 388 937 omnino‘
403 875 434 934 in
455 875 543 934 titulo
559 875 642 934 factu
657 873 732 936 Nini
754 882 847 948 esset,
872 893 970 954 nsque
989 877 1029 935 od
1044 877 1091 952 11,
1110 865 1130 936 d
1151 897 1205 938 nec
1226 879 1367 942 univeros

258 976 372 1051 oratio,
390 993 445 1035 uec
461 976 602 1036 suffixum
618 974 692 1034 illud
713 987 818 1051 uotpn
845 975 878 1048 1,
895 979 914 1034 8
930 979 1126 1054 quotandem
1143 979 1305 1055 pertineret
1320 982 1367 1040 di·

258 1077 356 1138 vinari
379 1085 491 1155 posset.
535 1074 598 1136 Gir.
615 1075 696 1136 infre
711 1095 740 1134 a.
758 1074 788 1133 h.
805 1093 838 1135 v.
859 1107 896 1120 -
926 1075 1089 1138 Gururrros
1113 1081 1218 1139 costis
1235 1081 1367 1143 defendit

257 1178 385 1256 primum
406 1175 583 1255 particulam
600 1197 617 1238 e
633 1174 844 1238 cousuetudine
860 1185 979 1252 votum,
1006 1179 1066 1238 tale
1089 1179 1162 1257 quid
1184 1180 1367 1241 inscribendi
1424 1257 1427 1262 Ι

259 1278 402 1353 oraculis,
429 1278 553 1338 elterom
577 1277 725 1350 destituit3
748 1283 781 1336 ot
803 1274 830 1336 si
852 1295 929 1356 quse
951 1287 998 1340 est
1018 1279 1232 1356 prophetarum
1254 1282 1286 1340 in
1308 1283 1367 1342 hoc

258 1399 365 1458 genere
380 1379 476 1453 ratio,
502 1398 537 1438 ee
554 1386 615 1453 est,
638 1386 673 1437 ut
689 1395 775 1438 suum
790 1379 957 1457 praefigant
979 1399 1087 1440 nomen
1111 1388 1254 1459 tanquam
1271 1381 1365 1442 divini

258 1479 381 1556 spiritus
403 1480 680 1553 instrumentorum,
705 1499 743 1538 ne
767 1495 854 1538 omne
877 1478 973 1540 visum
991 1487 1071 1541 sture
1095 1481 1316 1560 quodammodo
1333 1483 1366 1542 in

258 1581 373 1642 lubrico
390 1580 549 1640 videretur.

712 1815 915 1832 ...--=....---

724 2065 760 2112 v.
779 2043 831 2112 2-
845 2043 902 2114 14.

306 2183 447 2244 Primum
457 2182 591 2270 vaticinii
609 2190 699 2260 ceput
715 2181 811 2244 tribus
829 2181 983 2242 conficitur
1007 2182 1171 2258 particulis.
1206 2184 1237 2264 I)
1253 2205 1281 2245 v.
1295 2189 1369 2244 2-6

256 2293 377 2346 notetur
394 2286 427 2364 s)
443 2285 492 2344 dei
508 2283 624 2344 indoles
641 2291 671 2344 et
687 2292 811 2358 notura,
829 2303 849 2344 n
865 2303 925 2363 qus
941 2282 1098 2344 imminens
1114 2285 1252 2364 Assyriis
1275 2287 1368 2364 plage

256 2387 416 2464 repetendo
433 2385 488 2460 sit,
505 2405 534 2447 v.
548 2389 573 2444 l.
592 2389 651 2458 3s3
668 2386 705 2464 b)
720 2385 860 2446 universe
877 2383 1053 2445 describitur
1069 2385 1171 2444 iudicii
1188 2385 1284 2446 divini
1301 2406 1369 2464 spe-

257 2487 316 2548 cies
334 2507 362 2547 v.
374 2489 416 2547 sb
426 2491 487 2560 -63
510 2487 556 2565 II)
572 2486 641 2546 inde
657 2485 730 2563 quid
746 2494 865 2546 manent
881 2493 998 2564 gentem
1015 2503 1117 2559 suom,
1142 2486 1214 2564 quid
1230 2486 1368 2546 inimicos

257 2587 417 2666 Assyrios,
441 2588 602 2664 exponitur
623 2605 651 2645 v.
666 2590 769 2660 7-113
793 2585 920 2665 denique
943 2587 1004 2664 111)
1020 2586 1145 2644 Domini
1162 2587 1317 2647 eonsilium
1338 2596 1371 2646 et

256 2689 369 2749 iussum
386 2689 424 2748 de
447 2687 672 2766 exstinguendis
689 2687 827 2765 Assyriis
848 2695 878 2746 et
903 2686 1057 2746 liberando
1081 2687 1195 2765 populo
1220 2707 1275 2749 suo
1299 2689 1367 2748 bre·

256 2789 334 2848 viter
349 2789 528 2868 proponitur
544 2809 573 2847 v.
589 2792 701 2846 12-14,

701 3050 744 3126 Α.
779 3050 930 3120 v.2-6.

718 3211 745 3253 c.
777 3211 806 3251 v.
817 3195 844 3250 2.
862 3195 912 3250 3s.

775 3381 804 3420 v.
822 3365 848 3420 2.

306 3495 387 3556 Dect
402 3497 500 3554 zelotes
516 3503 543 3553 ct
558 3495 691 3553 elecem
699 3493 849 3564 Dominus,
866 3495 999 3553 vicecom
1008 3493 1147 3553 Dominus
1163 3505 1190 3554 et
1202 3504 1282 3554 cestu
1294 3495 1363 3572 pol-

257 3599 329 3668 lens,
352 3597 488 3656 ulciscens
503 3595 644 3653 Dominus
659 3597 690 3652 ic
705 3597 832 3654 inimicos
849 3613 913 3653 cuce
930 3604 958 3653 et
973 3613 1089 3654 servans
1105 3596 1278 3654 adversariis
1294 3600 1364 3656 scis.

257 3711 330 3773 stirp
342 3697 423 3757 'rare
447 3694 585 3757 sdieotivi
601 3695 699 3754 forms
715 3695 783 3772 (cfr.
801 3695 862 3754 Ios.
874 3689 993 3768 XXIV,
1013 3698 1059 3775 19)
1077 3715 1133 3772 pro
1151 3697 1268 3774 vulgari
1291 3711 1364 3786 cipp,

257 3814 355 3855 aorem
372 3805 458 3857 notat
473 3808 504 3854 et
516 3801 667 3855 strenuum
681 3815 733 3856 seu
745 3796 776 3854 in
793 3797 921 3856 amando
939 3796 1033 3856 souin
1045 3796 1201 3856 irascendo
1214 3798 1365 3868 animum3

256 3897 378 3956 verbum
397 3910 456 3980 resp
481 3903 510 3954 et
526 3913 633 3954 nomen
651 3909 734 3985 stirp
756 3904 819 3956 tum
843 3897 915 3970 hec,
942 3905 1005 3956 tum
1027 3897 1080 3956 ills
1102 3896 1212 3974 legitur
1234 3899 1365 3970 notione,

257 4017 322 4076 oum
353 3995 498 4058 adiectivo
528 4013 682 4056 commune
702 3977 862 4076 'uniusque
891 3997 1113 4058 fundamentum
1142 3997 1223 4059 insit
1268 3999 1367 4072 Quem

257 4097 340 4176 vocis
363 4097 538 4160 sententiam
556 4097 713 4174 descripsit
730 4097 886 4157 Hunosrs.
903 4097 1010 4175 (Beitr.
1025 4099 1088 4172 III,
1103 4101 1166 4158 455.
1194 4099 1253 4158 Die
1273 4099 1368 4174 Opier
1414 4159 1416 4162 .

257 4198 310 4258 der
332 4201 399 4260 heil.
418 4179 532 4262 Schrift
549 4219 580 4275 p.
594 4200 642 4277 tl)
667 4207 810 4277 tunquam
832 4199 959 4259 elacrem
986 4191 1171 4280 ἐνέργειαν,
1196 4219 1256 4276 qus
1275 4203 1367 4258 ‘verus

257 4309 287 4358 et
302 4300 389 4359 vivus
406 4299 526 4360 Israelis
544 4307 574 4359 et
591 4298 828 4362 Christianorum
845 4300 917 4360 deus
941 4295 1075 4358 differte
1098 4298 1222 4359 factitiis
1248 4299 1367 4360 simuls-
