3126 5000
626 307 698 366 CAP.
713 306 742 378 I,
762 308 915 367 neb-s.
1272 305 1316 374 15

217 495 300 567 inde,
319 494 345 553 si
363 493 506 554 translate
523 493 602 550 dicta
619 499 776 567 putantur,
793 509 870 568 quae
885 488 1026 566 legimus,
1045 507 1080 548 ea
1097 491 1223 565 primum
1241 494 1318 552 ratio

217 603 279 668 est,
305 606 337 653 ut
354 613 437 654 suam
455 595 585 671 quidque
606 593 716 650 hebere
733 598 910 668 potestatem
928 589 1122 667 symbolicam
1139 593 1318 668 existiment,

217 715 294 772 quae
310 694 466 771 multiplici
482 694 520 752 V.
534 693 582 751 Ti.
600 711 655 752 nan
674 711 852 770 magnopere
869 690 1087 766 comprobatur.
1126 692 1319 752 Transfertur

217 797 296 852 eninr
312 795 392 854 haud
407 813 500 866 raro,
517 801 549 852 ut
571 813 610 852 ex
633 794 777 869 exemplis
801 801 849 852 sat
865 791 965 850 multis
982 800 1121 867 apparet,
1140 811 1199 868 ¹per
1216 794 1318 852 simili·

215 895 349 953 tudinem
365 914 447 953 mare
464 895 501 954 ad
518 901 620 972 gentes
637 895 694 952 deo
711 893 912 965 adversarias,
930 891 1011 951 fluvii
1024 892 1063 950 ad
1075 893 1185 952 victum
1202 902 1233 953 et
1248 897 1317 955 sub-

216 995 309 1067 sidia,
338 1002 498 1071 tempestas
522 995 560 1052 ad
583 994 783 1053 calamitatum
805 992 1036 1064 vehementiam
1066 994 1105 1051 ad
1131 995 1317 1055 atrocitatem

215 1095 390 1154 indiciorum
414 1096 523 1168 nubce;
553 1095 669 1168 Basan,
696 1094 864 1166 Carmelus,
888 1093 1022 1153 Libanus
1049 1102 1187 1153 ornatum
1215 1097 1317 1155 mnndi

215 1213 360 1253 summum
377 1199 522 1269 referunt,
547 1205 664 1254 montes
686 1213 778 1272 regna
795 1193 959 1267 mundana,
981 1213 1071 1271 rupes
1089 1195 1214 1272 denique
1230 1216 1316 1272 prae·

214 1295 321 1355 sidium
339 1303 369 1354 et
384 1296 539 1374 refugium.
574 1297 681 1374 Neque
698 1303 791 1369 esset,
809 1295 880 1374 quin
902 1294 949 1352 hie
966 1313 1086 1373 quoque
1102 1296 1247 1355 eiusmodi
1263 1297 1315 1356 ad-

213 1396 394 1456 mitteremus
419 1396 640 1469 similitudines,
663 1397 721 1457 nisi
745 1397 777 1454 in
800 1395 896 1454 medio
921 1395 1132 1456 sententiarum
1154 1387 1316 1472 progressu

211 1517 240 1555 v.
258 1497 300 1555 tb
324 1497 408 1556 orbis
424 1505 568 1555 terrerum
593 1517 660 1556 eum
679 1497 785 1556 incolis
802 1497 864 1572 suis
879 1496 1002 1572 proprio
1024 1513 1114 1556 senen
1130 1497 1316 1572 appellaren-

212 1606 276 1671 tur,
295 1597 338 1657 sic
354 1605 491 1674 pergeret
507 1617 536 1655 v.
551 1601 609 1669 ta,
629 1604 658 1656 et
674 1599 716 1654 sb
735 1597 895 1660 secundum
910 1595 994 1654 illam
1011 1614 1146 1655 normam
1163 1598 1316 1660 exhiberet

210 1717 313 1757 rursus
331 1697 499 1773 imaginem.
534 1695 637 1773 Longe
654 1697 751 1756 minus
769 1697 857 1756 etiam
873 1695 996 1768 idonea,
1020 1695 1091 1754 licet
1106 1696 1237 1756 eiusdem
1253 1700 1316 1758 lere

211 1797 328 1874 generis
345 1798 400 1870 sit,
410 1815 520 1855 „eornm
537 1797 683 1856 sententia
699 1805 758 1870 est,
777 1797 829 1873 qui
846 1815 906 1854 non
920 1796 1073 1856 universas
1087 1797 1236 1872 ¹quasdam
1248 1817 1314 1874 spe-

211 1899 287 1971 cies,
312 1898 364 1957 sed
387 1906 484 1956 certos
506 1899 635 1976 populos
658 1905 688 1956 et
709 1915 793 1974 reges
814 1896 993 1974 imaginibus
1015 1895 1076 1956 illis
1092 1896 1246 1974 indigitari,
1260 1919 1314 1974 per

210 1999 383 2075 allegoriam
401 1999 542 2069 doceant,
560 1997 652 2058 veluti
663 1998 814 2058 Israelitss
825 1997 1099 2076 (reteneamus),
1118 1995 1314 2058 Sanheribum

209 2099 419 2176 (Rauranum),
452 2099 597 2176 Assyrios
631 2099 811 2176 (Hminem),
846 2097 1127 2160 Nebucadnezarem
1156 2099 1312 2178 (Aurea).

209 2201 242 2273 t)
257 2199 387 2276 Propius
411 2200 500 2258 etiam
522 2200 665 2258 accedunt
686 2202 725 2258 ad
742 2201 911 2272 veritatem,
935 2199 986 2276 qui
1008 2218 1069 2257 non
1091 2199 1122 2257 in
1138 2215 1237 2258 rerum
1259 2220 1312 2261 na·

209 2309 291 2373 tura,
316 2301 369 2360 sed
390 2301 421 2359 in
444 2319 532 2359 sensu
554 2308 584 2359 et
606 2300 712 2360 animis
734 2319 837 2358 eornm
854 2299 959 2358 confici
977 2298 1033 2357 ,illa
1054 2299 1169 2370 dicant,
1193 2301 1245 2376 qui
1267 2301 1315 2360 ira

208 2399 311 2458 divina
327 2408 535 2472 exerceantur,
553 2400 664 2478 quippe
682 2400 733 2476 qni
749 2417 861 2474 angore
879 2407 939 2457 tam
956 2397 1067 2473 ingenti
1084 2399 1264 2472 crucientur,
1282 2410 1314 2459 ut

209 2499 338 2558 titubare
355 2509 384 2558 et
401 2500 523 2558 delicere
544 2500 599 2558 sub
617 2499 742 2575 pedibus
760 2498 1032 2574 solnm'opinentur
1048 2506 1086 2557 et.
1104 2506 1142 2556 ct.
1178 2498 1267 2574 Quod
1284 2509 1315 2560 et

208 2600 330 2660 insitum
352 2599 463 2659 nostris
487 2599 593 2658 animis
617 2619 698 2672 esse,
722 2607 752 2657 et
773 2598 878 2658 sentiri
899 2599 1081 2668 handraro,
1102 2598 1153 2656 ubi
1170 2599 1313 2676 gravibus

208 2718 302 2777 genus
330 2701 490 2758 humanum
520 2699 686 2759 concutitur
714 2700 850 2772 casibus,
886 2700 1103 2758 concedendum
1134 2707 1195 2771 est3
1224 2699 1313 2759 facile

208 2810 308 2860 tamen
323 2801 514 2878 intelligitur,
540 2802 566 2861 si
581 2801 716 2879 ingentes
733 2801 897 2878 prophetae
913 2800 1108 2877 cogitationes
1125 2799 1246 2860 deberet
1261 2820 1312 2860 ae·

207 2921 315 2984 qnare,
338 2903 417 2960 hunc
438 2919 557 2962 sensnm
572 2902 694 2962 nimium
712 2910 855 2980 qnantum
876 2901 942 2962 fore
963 2900 1206 2982 exaggerandum
1221 2908 1312 2981 atque

206 3001 455 3079 amplificandum.
791 3005 793 3010 '

230 3139 231 3144 κ
258 3101 351 3162 Suum
375 3102 466 3179 igilur
489 3103 594 3180 cuique
616 3103 726 3161 rationi
753 3103 875 3162 subesse
898 3120 1001 3159 rernm
1030 3101 1179 3175 videmus,
1210 3103 1312 3162 deesse

206 3211 306 3262 tamen
324 3201 455 3278 aliquid,
470 3211 507 3260 ut
523 3203 769 3277 magnificentiam
785 3203 944 3260 verborum
960 3201 1080 3277 assequi
1096 3200 1204 3260 valeat.
1230 3193 1312 3275 Quid

206 3303 268 3361 ita?
299 3303 457 3360 tenendum
474 3309 542 3360 ante
559 3301 660 3360 omnia
682 3319 853 3373 censemus,
875 3318 934 3358 non
956 3300 1148 3358 meditatione
1164 3301 1265 3378 aliqua
1282 3311 1312 3360 et

207 3403 331 3463 consilio
348 3402 485 3462 inventas
501 3421 521 3460 a
536 3409 606 3460 vate
621 3401 773 3477 imagines
783 3419 863 3474 esse,
890 3409 924 3458 nt
938 3408 1035 3458 cartas
1053 3400 1198 3477 quasdam
1214 3401 1310 3460 invol-

205 3503 308 3562 verent
332 3504 462 3580 species,
487 3502 541 3562 sed
565 3501 684 3561 oblatae
708 3502 735 3560 ei
758 3520 813 3578 per
836 3501 989 3560 visionem.
1032 3500 1205 3560 Tum.vero
1230 3501 1310 3559 miri*

206 3603 264 3661 flea
286 3602 352 3676 illa,
379 3604 509 3682 quaein
532 3603 744 3680 pmphetarum
759 3602 923 3662 visionibus
941 3608 1000 3673 est,
1025 3599 1118 3659 divini
1142 3601 1264 3677 spiritus
1280 3611 1311 3660 et

206 3703 318 3779 ingenii
332 3703 454 3762 humani
474 3703 604 3764 societas
620 3703 765 3780 quaedam
788 3710 818 3762 et
840 3701 1007 3761 communio
1023 3701 1239 3760 consideranda
1254 3709 1310 3776 est,

206 3821 284 3879 quae
305 3803 450 3861 eiusmodi
475 3811 535 3876 est,
564 3811 598 3861 ut
627 3803 776 3880 segregari
802 3802 926 3862 alterurn
948 3803 988 3860 ab
1016 3801 1110 3860 altero
1132 3802 1311 3879 cogitatione

206 3911 310 3962 nostra
326 3920 387 3960 non
403 3904 509 3978 possit
533 3903 690 3962 Postremo
708 3904 938 3980 dignoscendum
954 3920 1071 3978 semper
1088 3902 1161 3976 erit,
1180 3921 1310 3979 quonam
1339 3937 1340 3940 =

207 4003 297 4061 modo
314 4002 379 4078 ipse
395 4002 593 4076 intellexerit,
617 4021 693 4080 quae
709 4003 799 4077 vidit,
818 4010 917 4075 vates,
940 4021 1000 4079 qno
1018 4019 1073 4061 ena
1094 4002 1126 4060 id
1143 4009 1242 4060 mente
1257 4021 1310 4059 ex·

208 4103 338 4180 ceperint
360 4102 529 4174 Israelitae,
557 4120 617 4180 quo
645 4103 772 4180 denique
798 4103 829 4160 in
858 4103 988 4160 omniurn
1012 4101 1151 4176 deinceps
1181 4108 1310 4159 aetatum

206 4203 407 4263 convertenda
423 4221 509 4261 usum
527 4202 691 4261 videantur.
718 4201 835 4276 Quibus
848 4221 885 4260 ex
903 4200 1059 4277 principiis
1076 4219 1221 4278 quaenam
1239 4219 1309 4258 con·

205 4303 321 4364 finiatur
338 4303 485 4366 sufficiens
503 4311 533 4362 et
549 4303 656 4361 idonea
674 4303 818 4364 sermonis
835 4300 1000 4378 prophetici
1023 4300 1117 4373 ratio,
1142 4318 1201 4358 non
1219 4300 1309 4359 inter·
