3126 5000
301 291 348 360 34
713 291 786 352 Car.
802 298 831 365 l,
851 313 878 352 v.
893 297 987 351 7-11.

298 484 434 552 Anaua„
460 475 632 549 Coccn1us3
656 485 703 549 nt,
725 486 760 533 ut
778 475 932 549 omittam,
953 473 1062 534 idoneo
1084 473 1116 533 id
1139 474 1271 550 pondere
1295 453 1408 548 carere,

299 581 411 658 stipula
427 587 574 638 crematur
591 577 642 636 ubi
658 577 719 636 iam
736 595 862 636 excussa
880 583 934 635 est.

347 681 472 741 Veteres
490 679 642 739 versiones
659 678 733 738 satis
758 677 789 736 in
805 677 863 736 hoc
878 693 966 736 versu
988 676 1173 737 aberrarunt.
1216 675 1322 735 LXX:
1353 667 1409 736 ὅτι

300 775 363 854 ἕως
389 772 554 858 θεμελίου
575 764 678 836 αὐτοῦ
702 765 974 858 provectiorem,
1004 768 1062 835 καὶ
1090 764 1137 848 ὡς
1163 770 1289 854 σμῖλαξ
1307 794 1407 860 περι-

297 873 485 962 πλεκομένη
512 866 745 960 βρωθήσεται,
777 868 835 935 καὶ
868 863 914 947 ὡς
941 864 1073 956 καλάμη
1100 868 1264 957 ξηρασίας
1288 867 1406 958 μεστή,

297 982 511 1057 interpretante
527 979 734 1038 Hrurrourrro:
766 975 859 1054 „quia
875 995 971 1053 usque
992 977 1032 1035 ad
1047 975 1240 1036 frmdamenta
1257 995 1312 1036 sua
1328 979 1406 1037 redi-

298 1090 405 1160 gentur
421 1082 453 1139 iu
466 1098 589 1156 vepres,
607 1087 637 1138 et
654 1079 730 1138 sicut
742 1078 863 1136 volvola
875 1078 1057 1136 circumdata
1069 1077 1253 1150 comedetur,
1271 1086 1303 1136 et
1318 1079 1406 1155 quasi

296 1182 411 1259 stipula
433 1181 571 1240 ariditate
592 1179 725 1256 piena:“
751 1177 855 1238 Chald.
863 1176 932 1255 Syr.
955 1197 1010 1255 pro
1028 1192 1113 1238 utu-0
1135 1178 1340 1254 legissemus
1359 1179 1404 1239 vi·

299 1284 417 1356 dentur,
436 1281 578 1340 exhibent
590 1279 667 1339 enim
679 1280 845 1356 principes,
864 1286 893 1336 ct
909 1293 966 1344 'rw
977 1297 1034 1355 pro
1048 1293 1104 1351 w3
1122 1276 1205 1355 Syn:
1224 1287 1406 1355 „propterea

298 1385 380 1461 quod
403 1384 452 1441 vei
473 1382 624 1458 principes
646 1399 747 1439 eorum
770 1378 936 1438 refractarii
959 1388 1045 1452 sunt,
1075 1380 1158 1438 etin
1181 1379 1325 1439 ebrietate
1346 1399 1402 1440 sue

296 1483 389 1559 ebrii,
407 1481 659 1560 comederuntque
676 1490 705 1540 et
722 1481 918 1558 impleverunt
934 1499 966 1539 se
983 1479 1096 1558 stipulo
1112 1479 1227 1540 aridc.“

807 1753 835 1792 v.
856 1738 897 1792 11.

345 1885 394 1943 Ec
410 1893 436 1942 te
452 1884 537 1954 adiit,
561 1887 610 1959 qui
627 1886 761 1958 copitacit
776 1901 901 1960 pravam
918 1893 1018 1942 crona
1034 1883 1203 1954 Dominum,
1226 1885 1405 1942 nomiliarius

294 1987 444 2061 nequitiae.
486 1983 556 2042 Hoc
576 2003 681 2057 versu,
709 2002 770 2062 quo
799 1984 894 2043 nitere
923 1984 1069 2043 clauditur
1092 1985 1231 2062 stropha,
1262 1984 1403 2043 liberatio

297 2085 394 2164 gentis
413 2101 516 2144 sacrae
534 2092 564 2142 et
576 2084 737 2144 vindicatio
754 2086 792 2142 ab
806 2085 893 2143 hoste
906 2085 1179 2161 comprehenditur,
1197 2085 1308 2163 quippe
1325 2105 1404 2163 quae

296 2205 334 2244 ex
356 2183 556 2244 internecione
579 2185 643 2244 eius
666 2205 697 2244 v.
713 2187 739 2243 8.
763 2189 796 2244 10
825 2185 980 2245 confestim
1007 2195 1158 2263 sequetur.
1201 2189 1244 2244 At
1269 2205 1338 2244 vero
1364 2187 1404 2246 ad

295 2294 433 2346 nostram
456 2285 628 2344 memoriam
651 2303 745 2364 usqne
768 2285 900 2344 maxima
921 2287 1114 2362 interpretum
1130 2305 1217 2364 pars,
1246 2307 1283 2344 ne
1306 2287 1404 2346 dicam

294 2405 397 2446 omnes
417 2386 441 2460 ¹,
465 2405 526 2445 nou
547 2386 717 2460 Israelita,
748 2406 849 2446 verum
872 2387 1017 2466 Assyrios
1046 2387 1195 2448 iaciebant
1223 2387 1403 2464 appellatos,

293 2489 353 2546 hoc
376 2488 440 2547 iere
456 2503 562 2547 sensu:
590 2507 628 2546 ex
652 2496 682 2547 te
704 2489 797 2562 enim,
822 2487 948 2561 Ninive,
966 2505 1104 2565 egressus
1129 2497 1189 2562 est,
1212 2497 1283 2560 etc,
1307 2488 1352 2547 ita
1369 2499 1404 2548 ut

293 2587 404 2648 excidii
421 2595 576 2648 notaretur
593 2607 716 2661 caussa,
741 2589 925 2648 fluctuabunt
940 2589 1054 2661 solum,
1081 2597 1197 2650 essetne
1213 2589 1401 2648 vertendum:

293 2709 332 2748 ex
351 2689 410 2749 tuis
428 2688 524 2766 portis
541 2689 692 2766 profectus
711 2699 770 2763 est,
789 2701 847 2749 rest*
865 2707 953 2748 sensu
970 2689 1073 2750 hostili
1089 2688 1157 2766 (cfr.
1175 2689 1251 2766 prol.
1270 2690 1309 2748 ad
1322 2689 1400 2751 Gen.
1481 2747 1483 2752 .

292 2789 340 2862 X,
359 2790 422 2866 10),
440 2807 493 2847 an:
512 2807 551 2847 ex
567 2797 598 2848 te
615 2797 699 2850 ortus
715 2797 770 2849 est.
803 2789 889 2849 Unus
906 2789 1158 2864 Hounuunuuus,
1177 2791 1258 2868 quod
1274 2791 1396 2866 scimus,

293 2909 353 2948 non
371 2887 484 2948 Ninum
503 2889 555 2948 sed
571 2889 712 2948 Israelem
736 2890 810 2950 haec
832 2899 981 2966 spectare,
1005 2892 1171 2964 contendit,
1195 2899 1225 2950 et
1242 2905 1299 2952 trra
1316 2911 1397 2952 esse:

292 2989 368 3049 obiit
384 3009 423 3048 ex
441 2997 487 3062 te,
511 2989 631 3067 reliquit
649 2998 692 3063 te;
709 2991 804 3069 idque
820 2991 998 3064 rectissime,
1026 2999 1058 3050 ut
1073 2992 1161 3053 nobis
1179 2991 1298 3070 quidem
1314 2993 1396 3052 vide·

291 3099 349 3150 tur.
384 3090 468 3149 Licet
485 3108 630 3150 summum
653 3091 716 3151 eius
734 3101 938 3170 argumentum
961 3092 1091 3168 probare
1107 3111 1301 3171 nequeamus3
1325 3113 1396 3154 narn

291 3210 358 3252 curu
380 3191 505 3252 diceret:
533 3192 708 3252 nominatim
732 3193 915 3270 interpellari
939 3213 957 3252 a
979 3199 1048 3252 vete
1072 3209 1163 3260 otrus
1181 3194 1226 3266 II,
1246 3198 1259 3250 l
1283 3201 1313 3254 et
1335 3189 1396 3268 rio

290 3307 375 3359 ntuetr
401 3292 463 3366 III,
483 3295 531 3364 18,
555 3291 638 3352 illem
661 3291 801 3352 feminino
824 3311 956 3370 semper,
986 3293 1149 3353 masculino
1176 3294 1255 3352 hunc
1276 3295 1396 3354 exarari

291 3410 398 3470 genere
420 3425 457 3436 --
479 3411 515 3452 ea
537 3393 624 3470 quasi
647 3394 749 3470 regula
771 3413 831 3452 uno
854 3393 907 3452 illo
929 3393 1101 3470 infringitur
1117 3409 1221 3470 corpo
1244 3415 1273 3454 v.
1286 3398 1318 3466 83
1341 3413 1396 3454 nec

291 3493 451 3553 verisimile
468 3501 530 3566 cst,
547 3493 717 3571 ubicunque
734 3494 902 3571 appellatur
918 3493 1079 3571 Assyrius,
1096 3494 1140 3552 ibi
1157 3495 1254 3554 solum
1269 3495 1395 3554 indicsri

290 3612 409 3670 regem,
425 3593 487 3652 imo
504 3593 673 3653 uuiversum
685 3581 858 3673 plerumque
875 3595 1035 3671 populum,
1052 3593 1139 3654 uuius
1151 3613 1298 3671 personae
1314 3596 1395 3672 cogi-

289 3693 404 3753 tatione
426 3693 681 3769 compreheusum.
731 3693 798 3754 Nos
824 3703 922 3754 autem
945 3713 980 3753 eo
1004 3695 1178 3771 praesertim
1201 3696 1240 3754 ad
1262 3705 1394 3755 nostram

290 3793 409 3852 adducti
427 3793 601 3852 senteutiam
624 3811 742 3868 sumus,
766 3796 848 3873 quod
864 3815 913 3854 vr.
932 3796 1063 3855 anteced.
1082 3797 1119 3854 de
1135 3795 1217 3854 Nino
1235 3803 1265 3854 et
1282 3797 1319 3854 de
1335 3799 1395 3856 As-

291 3893 381 3972 syriis
399 3893 498 3971 ogitur
515 3911 581 3952 eum
599 3893 704 3954 tertiae
721 3915 868 3972 personae
884 3904 972 3970 nota,
992 3916 1046 3956 nec
1064 3916 1148 3957 secus
1166 3901 1256 3969 v.12;
1280 3905 1394 3970 contra,

342 4155 367 4216 l)
384 4155 486 4206 Cuccru
503 4163 660 4218 commenta,
684 4158 727 4222 qui
750 4157 824 4206 sicuti
842 4156 876 4206 ad
894 4173 950 4208 eam
967 4159 1141 4219 inimicitiam,
1165 4169 1216 4220 qus
1234 4157 1394 4208 Christianos

288 4241 441 4290 exercebant
457 4240 560 4302 ludaei,
578 4243 664 4292 omnis
676 4239 795 4306 deinceps
806 4241 897 4304 refert,
914 4244 952 4292 ita
969 4243 1031 4293 haec
1048 4257 1150 4307 quoque
1161 4243 1240 4292 rerba
1256 4243 1395 4308 indigitare

289 4323 471 4386 Hierosolyma
489 4326 620 4389 opinatur,
638 4327 701 4377 satis
719 4341 844 4392 superque
864 4327 1002 4390 redarguta
1018 4335 1077 4377 sunt
1095 4343 1111 4379 s
1127 4329 1255 4379 Miseno.
