3126 5000
650 290 725 351 Car.
740 293 769 365 1,
787 312 815 352 v.
828 298 855 352 9.
1258 287 1306 358 29

202 475 310 535 tntum
328 475 582 550 Ps.xxv11,c;
601 474 677 534 nos,
689 475 736 547 x,
756 479 804 548 ιι,
819 474 858 533 ιι
876 464 953 534 onte
968 473 1059 532 prov.
1073 471 1192 549 xxrv,
1208 479 1252 536 n.
1269 510 1306 520 .-

201 575 292 635 Lxx
314 576 388 636 satis
419 575 609 654 singulariter
632 575 675 636 sic
704 576 827 634 habent:
865 563 925 634 οὐκ
947 561 1116 655 ἐκδικήσει
1138 573 1244 653 (quasi
1268 577 1308 636 sit
1407 637 1411 644 ,

200 677 255 735 fut.
273 696 301 735 a.
320 697 348 735 v.
366 679 447 755 npr)
466 670 519 748 δίς
540 669 598 736 snt
619 669 657 735 τὸ
680 663 761 736 αὐτὸ
783 667 817 736 ἐν
838 667 973 754 θλίψει.

252 777 316 835 Iam
334 775 410 835 dnae
427 778 562 837 criuntur
578 776 784 855 quaestiones:
809 775 839 852 l)
855 773 1011 850 Quosnam
1026 774 1306 852 interrogantes?

201 879 233 954 t)
250 876 395 951 Quisnam
412 895 520 953 passus
537 879 583 937 est
599 876 767 954 angustiam
784 883 814 934 et
830 895 850 934 a
867 894 928 954 quo
945 883 1034 948 antea
1045 878 1153 951 parata
1165 875 1230 936 eat?
1255 877 1306 936 Ad

201 977 328 1052 primam
352 979 554 1054 quaestionem
576 978 751 1055 interpretes
776 963 838 1036 fere
863 995 966 1035 omnes
986 975 1179 1051 respondent:
1208 978 1305 1053 Assy·

202 1077 264 1136 rios
285 1077 438 1152 nimirum,
470 1079 563 1156 „quid
588 1077 731 1137 molimini
755 1089 858 1136 contra
880 1076 1087 1136 Dominuml“
1111 1084 1305 1152 occupantem

201 1177 316 1236 iaciunt
330 1179 506 1254 proplietam
523 1179 630 1239 tacitas
646 1177 842 1256 Assyriorum
866 1177 1062 1249 abiectiones,
1086 1176 1194 1254 „quasi
1211 1195 1306 1238 vanae

201 1286 253 1337 aut
275 1279 339 1338 sine
362 1279 468 1339 effectu
489 1281 606 1340 futurae
629 1288 729 1340 casem
751 1277 873 1337 Domini
896 1276 1157 1349 comminationes,
1179 1284 1247 1349 cut,
1278 1277 1304 1336 si

201 1379 282 1456 quod
299 1387 470 1454 paterentur
486 1375 652 1454 damnum,
664 1380 751 1440 facile
773 1379 833 1438 tulo
855 1379 927 1457 quid
948 1396 1041 1455 posse
1060 1377 1226 1454 reparari.“
1268 1378 1304 1436 In

200 1499 261 1556 qus
282 1480 429 1540 sententia
450 1483 484 1557 a)
500 1481 633 1556 primum*
651 1481 801 1558 displicet,
829 1479 909 1558 quod
933 1474 973 1542 is
1000 1497 1090 1538 sensu
1113 1477 1304 1538 adunastivo

199 1579 402 1656 accipiendum
417 1581 590 1641 existimant
595 1602 603 1653 3
622 1601 692 1640 nam
708 1581 763 1640 etsi
780 1573 820 1642 ιιιι
841 1593 913 1640 :usn
934 1579 1030 1638 tribus
1044 1578 1105 1638 illis
1121 1578 1196 1638 locis
1211 1597 1304 1656 supre

200 1679 329 1740 laudatis
350 1681 460 1741 habeat
481 1683 589 1742 hostile
611 1682 741 1758 aliquid,
772 1679 917 1739 eiusmodi
945 1689 1044 1738 tamen
1071 1696 1176 1738 sensus
1201 1679 1304 1754 potius

199 1799 290 1857 quam
301 1781 478 1857 sigfficatio
495 1782 724 1859 praepositionis
737 1789 799 1852 est3
815 1776 858 1842 iu
871 1781 1006 1858 designat
1023 1779 1214 1838 directionem
1230 1779 1303 1838 facti

199 1883 230 1939 et
251 1881 413 1955 obiectum,
439 1883 492 1941 cfr.
516 1881 627 1944 isam.
640 1883 670 1956 1,
694 1887 742 1955 243
767 1881 819 1940 Ps.
835 1881 939 1954 LXII,
959 1887 972 1939 1
996 1881 1063 1957 (cfr.
1081 1880 1148 1938 Ew.
1167 1878 1246 1956 §217
1255 1881 1302 1958 c);

199 2000 292 2059 qnare
315 1982 390 2040 nihil
413 1984 493 2042 aliud
515 1989 561 2042 est
588 2003 693 2062 quam:
722 1983 854 2059 cogitare
875 1973 934 2042 ἐπί
954 1999 1043 2053 τινας
1066 1999 1121 2038 nec
1140 1979 1229 2038 Mich.
1247 1981 1303 2054 IV,

199 2086 215 2140 3
238 2083 299 2141 alia
314 2083 373 2143 ¹vis
398 2093 458 2158 est,
489 2103 594 2162 quam:
609 2151 613 2159 ¹
629 2103 689 2143 non
716 2083 879 2161 portabunt
905 2093 1007 2162 gentes
1036 2081 1132 2141 altera
1160 2080 1200 2140 ad
1228 2081 1303 2140 alte-

198 2201 263 2242 ram
288 2184 429 2261 gladium.
480 2184 618 2245 Ceterum
646 2185 787 2244 confundi
801 2185 928 2262 'quidem
953 2183 1021 2244 iude
1045 2202 1063 2242 ε
1087 2182 1202 2242 lesaiae
1230 2189 1303 2240 tem·

199 2301 273 2359 porc
293 2284 441 2344 interdum
463 2279 503 2348 Su
524 2294 554 2346 et
579 2281 634 2360 in,
658 2305 767 2364 negare
790 2285 943 2358 nolumus3
967 2286 1012 2344 ita
1032 2293 1132 2344 temen
1154 2281 1218 2340 fieri
1239 2283 1303 2358 ple·

198 2403 322 2460 rumque
344 2384 435 2456 solet,
451 2395 497 2444 -ut
518 2381 560 2448 iv
580 2387 766 2445 deminuatur
785 2385 817 2443 in
838 2380 896 2458 irc,
926 2403 991 2444 cum
1017 2381 1187 2443 distinctam
1206 2383 1304 2460 magis

198 2483 307 2541 indicet
328 2484 499 2544 directionis
521 2486 687 2559 notionem,
711 2503 806 2563 neque
823 2504 894 2545 vero
911 2479 951 2549 its
971 2483 1167 2561 amplificetur
1188 2481 1220 2540 in
1243 2477 1303 2554 ivs

198 2603 218 2643 a
235 2603 294 2661 qua
310 2584 414 2661 regula
432 2586 515 2646 unice
532 2586 738 2663 excipiendum
755 2593 801 2644 cst
812 2587 865 2645 lla.
878 2586 1001 2658 XVIII,
1021 2590 1068 2656 113
1086 2601 1156 2642 nam
1171 2582 1301 2655 IealII,

198 2687 215 2742 8
238 2684 320 2762 quod
342 2685 429 2746 affert
450 2687 517 2746 Ew.
535 2687 615 2764 §217
626 2687 651 2760 i,
676 2707 706 2764 p.
723 2692 774 2747 416
799 2687 999 2758 mereauditr
1030 2682 1111 2764 qnod
1134 2681 1240 2742 attinet
1261 2683 1301 2742 ad

197 2785 318 2844 fratrem
341 2805 441 2860 suum,
468 2806 526 2846 non
549 2787 646 2864 parcit
657 2788 675 2849 ¹.
718 2790 752 2867 b)
770 2788 910 2860 Accedit,
941 2786 1021 2865 quod
1045 2787 1301 2861 adultusque

197 2887 339 2963 appellati
357 2905 474 2965 semper
489 2889 591 2950 Iudaei
610 2898 693 2964 sunt,
716 2888 838 2968 Assyrii
860 2907 927 2948 cum
944 2887 1048 2947 tertiae
1064 2903 1210 2964 personne
1227 2893 1302 2946 nota

196 2987 367 3047 afferuntur.
394 2991 424 3068 ο)
440 2989 599 3049 Postremo
620 2985 660 3054 iu
680 3007 750 3051 :turn
768 2990 908 3049 hocloco
926 2989 1007 3048 aliud
1024 3007 1089 3048 esse
1106 3003 1197 3064 quam
1213 2981 1255 3048 iu
1268 2986 1300 3048 ’π

196 3107 225 3146 v.
240 3093 286 3160 11,
315 3091 577 3149 ecommutationc
593 3091 847 3167 praepositionum
864 3089 991 3148 dilucide
1013 3084 1168 3165 apparent
1205 3086 1302 3145 Inter-

195 3186 323 3262 pellatos
340 3207 411 3265 ergo
428 3189 555 3248 Iudaeos
573 3208 741 3263 censemus,
766 3191 809 3248 uti
824 3189 938 3265 placuit
953 3189 1114 3258 Mancino,
1139 3186 1183 3244 ita
1199 3186 1302 3262 dispu-

196 3294 308 3366 tantem
325 3297 426 3351 eecuto
443 3288 620 3350 Ornrnnunz
644 3281 700 3348 ίνα
713 3282 824 3350 τοίνυν
843 3281 888 3370 μὴ
912 3283 969 3347 καί
990 3276 1106 3358 αὐτοῖς
1121 3283 1193 3356 τοῖς
1211 3277 1303 3359 ίσοις

196 3385 464 3468 περιπεσεῖσθαι
484 3389 602 3462 κακοῖς
623 3378 916 3472 προσδοκήσαντες
930 3375 1124 3469 εὐὰφορμον
1136 3372 1199 3468 ἤδη
1221 3405 1301 3447 ποι-

197 3487 288 3551 οῖντο
309 3482 370 3572 τὴν
391 3481 619 3573 καταδρομὴν,
641 3482 702 3571 τὴν
714 3481 753 3550 ἐκ
765 3485 825 3570 τῆς
833 3476 998 3559 Ἰουδαίας
1013 3475 1062 3558 είς
1076 3473 1301 3566 ἀλλοφύλους,

196 3585 372 3665 μονονουχὶ
398 3584 455 3650 καὶ
482 3577 753 3652 ἀναπυνθάνεται
759 3632 769 3662 ,
801 3580 921 3668 λέγων,
949 3582 985 3647 τί
1010 3573 1078 3668 ίίρα
1099 3579 1300 3666 λογίζονται,

197 3680 255 3747 καί
276 3689 413 3770 φρονεῖν
433 3679 597 3770 ἐγνώκασι
618 3685 779 3772 περὶτοῦ
800 3677 933 3770 κυρίου,
962 3678 1105 3768 σκληρὸν
1126 3671 1193 3768 ι’ίρα
1214 3682 1301 3768 φησί

198 3779 256 3846 καί
276 3776 459 3870 βαρύμηνιν
480 3778 640 3872 ὑπάρχειν
661 3779 778 3851 οίίσῦε
800 3780 858 3848 τὸν
871 3781 943 3847 τῶν
956 3777 1051 3847 Ιὅλοιν
1072 3774 1170 3847 θεόν·
1194 3781 1265 3846 κτλ.

249 3969 424 4040 limitentur
446 3973 516 4038 apud
538 3974 727 4028 adversativum
747 3975 799 4024 vim
821 3987 907 4041 praep.
925 3953 967 4036 'pe'
987 3977 1116 4033 remanet,
1140 3977 1216 4036 atque
1234 3969 1301 4024 adae

197 4057 260 4106 satis
283 4055 444 4106 incommode
465 4057 586 4122 lnthIIgit
609 4060 774 4110 seutentiamz
800 4059 868 4108 male
892 4063 918 4108 et
935 4054 1083 4109 indecenter
1105 4061 1185 4126 agunt
1201 4054 1301 4118 Iudaei,

197 4141 218 4190 si
236 4139 353 4190 diffident
370 4139 485 4191 domino.

248 4227 274 4290 2)
290 4226 428 4290 Perpetem
444 4225 606 4277 Hunornrue
624 4228 825 4280 consumtiouem
836 4236 912 4277 versu
924 4223 1090 4278 antecedente
1102 4223 1215 4288 Assyriis
1227 4235 1300 4288 prae

197 4308 290 4362 dictam
308 4311 360 4362 iam
378 4310 412 4361 ad
429 4310 540 4363 Iudaeos
557 4312 644 4362 refert.
