3124 4988
276 295 375 338 xxxiv
626 277 870 334 Pronuuonnul.
899 273 971 332 Cur.
985 275 1025 332 ll.

277 461 406 540 quodam
423 459 578 534 Persepoli
596 479 614 516 a
631 456 813 516 Nmnuumo
837 457 986 532 descripto
1012 457 1131 532 saepius
1155 458 1296 534 repetitas
1318 458 1381 518 for·

279 563 389 633 mulas,
413 559 520 638 quibus
545 559 581 616 de
606 559 724 635 regibus
742 558 799 616 dici
817 559 985 629 videbatur,
1012 566 1149 615 accurate
1166 557 1244 616 inter
1261 578 1293 618 se
1310 579 1380 618 con-

278 661 388 734 tendit,
407 669 436 718 et
453 659 583 736 persicas
601 677 689 718 voces
706 666 735 716 et
744 659 882 731 nomina,
901 679 920 718 a
937 658 1085 717 veteribus
1104 658 1240 730 traditas,
1259 660 1295 718 iis
1309 661 1380 718 ada-

277 773 362 841 ptare
385 768 525 832 conatus,
557 759 700 818 Zendicae
724 766 753 817 et
776 757 945 818 Sanscritae
974 759 1158 834 aliarumque
1187 759 1379 818 dialectornm

277 863 390 922 auxilio
415 859 563 932 adhibito,
598 879 664 917 eum
688 859 787 916 elicuit
810 879 943 931 sensum,
975 861 1025 935 qui
1056 866 1162 934 postea
1187 861 1381 935 amplioribus

278 962 451 1038 disciplinae
474 959 613 1020 subsidiis
638 958 791 1034 splendide
815 961 1004 1018 confirmatus
1027 967 1080 1018 est.
1111 959 1278 1036 Descriptis
1302 962 1379 1018 enim

279 1063 479 1137 compluribus
504 1060 657 1136 paullatim
682 1060 826 1118 eiusmodi
850 1060 959 1118 tabulis
981 1060 1181 1130 Bunuourrus
1204 1081 1323 1138 quoque
1351 1071 1382 1120 et

279 1164 436 1222 Buurmus
455 1169 484 1220 et
500 1168 619 1236 praeter
635 1168 748 1222 ceteros
764 1160 935 1220 Lassunws
952 1175 1097 1237 prospero
1115 1161 1212 1236 gavisi
1229 1171 1333 1220 eventu
1350 1164 1381 1220 in

279 1266 336 1322 boc
353 1281 459 1338 genere
475 1261 675 1320 elaborarunt.
701 1259 839 1320 Summae
856 1270 954 1320 autem
971 1259 1074 1320 laudes
1091 1260 1312 1320 Rawumsoruo
1331 1263 1381 1320 de·

279 1366 401 1435 bentnr,
420 1362 471 1439 qni
487 1360 773 1436 praestantissimam
790 1361 1010 1437 inscriptionem
1028 1360 1285 1436 Behistunensem‚
1304 1381 1381 1439 quae

281 1463 511 1540 quadringentas
524 1462 618 1520 lineas
631 1461 842 1537 complectitur,
856 1462 940 1537 gravi
953 1462 1056 1520 labore
1069 1461 1224 1537 descripsit
1241 1470 1271 1521 et
1283 1463 1382 1521 Persi-

282 1583 346 1622 cum
374 1563 528 1620 titulorum
551 1580 650 1636 genus,
665 1561 708 1619 ita
731 1562 887 1641 paullatim
912 1561 1120 1636 interpretatus
1152 1563 1232 1634 est¹‚
1263 1571 1296 1621 ut
1322 1581 1381 1620 non

282 1665 406 1722 multum
423 1663 483 1720 iam
499 1663 535 1720 de
549 1681 588 1732 eo
606 1661 755 1720 dubitetur
763 1660 781 1720 ².
808 1663 910 1720 Primo
935 1663 1024 1738 igitur
1049 1680 1155 1738 genere
1172 1663 1324 1722 enucleato
1342 1663 1381 1722 ad

283 1765 407 1824 alterum
424 1763 615 1839 tertiumque,
634 1763 779 1820 Medicum
798 1763 863 1821 dico
882 1772 911 1823 et
923 1763 1095 1838 Assyrium,
1114 1764 1252 1821 accedere
1266 1765 1381 1823 licebat.

282 1868 383 1939 Atque
400 1873 433 1920 ut
450 1863 608 1922 alterum
625 1863 724 1922 statim
742 1863 948 1936 absolvamus,
969 1883 1028 1921 non
1045 1864 1169 1922 multum
1186 1865 1282 1922 adbuc
1298 1865 1329 1922 in
1347 1884 1382 1922 eo

283 1964 473 2022 elaborarunt
491 1983 537 2020 vv.
555 1963 603 2020 dd.
614 1961 639 2032 ³3
663 1963 753 2038 quid?
780 1965 860 2040 quod
879 1985 915 2022 ne
932 1964 968 2021 de
985 1964 1104 2022 nomine
1122 1965 1240 2040 quidem
1257 1965 1334 2023 inter
1352 1984 1384 2024 se

284 2061 482 2134 consentiunt,
512 2063 563 2138 qui
589 2081 673 2120 suam
697 2063 722 2119 ei
744 2063 917 2138 impendunt
939 2084 1077 2140 operam,
1111 2065 1162 2122 sed
1186 2065 1290 2123 Medici
1322 2066 1384 2123 sive

284 2161 414 2238 Scythici
432 2162 545 2237 generis
563 2162 761 2236 appellatione
780 2173 912 2237 utuntur,
938 2167 1029 2222 donec
1054 2173 1162 2222 natura
1185 2167 1247 2226 eius
1274 2166 1383 2224 certius

284 2263 459 2320 definiretur.
500 2261 620 2320 Laetior
649 2263 738 2340 longe
767 2274 856 2342 atque
886 2266 999 2323 felicior
1029 2284 1120 2339 opera
1150 2266 1181 2324 in
1208 2267 1380 2342 indagando

284 2362 449 2438 Assyrio
468 2381 491 2420 s.
511 2363 628 2420 tertio
646 2380 751 2438 genere
768 2366 901 2438 exstitit,
928 2365 1101 2442 praesertim
1126 2385 1165 2422 ex
1182 2385 1242 2443 quo
1260 2367 1381 2442 amplis·

285 2463 359 2522 sima
376 2463 438 2524 eius
457 2463 593 2537 exempla
609 2464 639 2543 in
657 2463 730 2538 ipsis
743 2464 815 2522 Nini
832 2468 925 2525 ruinis
937 2476 1054 2542 reperta
1067 2474 1143 2524 sunt.
1170 2467 1282 2524 Verum
1294 2469 1383 2542 longe

283 2563 448 2620 intricatior
465 2571 554 2638 atque
572 2563 720 2620 difficilior
737 2565 798 2623 eius
816 2549 1019 2642 interpretatio
1039 2575 1099 2638 est,
1110 2567 1113 2570 ’
1125 2585 1214 2642 quam
1232 2569 1300 2644 quis
1317 2569 1382 2643 opi-

286 2673 369 2721 netur
386 2664 479 2732 forte,
499 2682 580 2732 curn,
604 2663 701 2738 prima
718 2673 802 2738 parte
820 2667 985 2742 explicata,
1010 2665 1141 2742 reliquae
1158 2669 1238 2726 nullo
1256 2669 1318 2726 fere
1334 2689 1383 2726 ne·

285 2764 367 2838 gotio
386 2763 539 2820 videantur
562 2781 651 2838 posse
668 2773 785 2838 patere,
810 2785 874 2824 cum
898 2768 998 2826 eadem
1022 2768 1143 2826 nomina
1167 2778 1197 2828 et
1222 2769 1383 2830 sententias

286 2863 345 2920 alia
360 2863 461 2938 lingua
483 2871 607 2920 exarata
630 2864 789 2923 exhibeant
796 2887 804 2938 ;
829 2887 897 2926 nam
920 2888 985 2925 cum
1002 2869 1124 2927 Persica
1147 2878 1288 2928 cuneatae
1313 2871 1384 2929 scri-

285 2963 396 3037 ptionis
414 2963 527 3037 species
545 2964 741 3041 quadraginta
758 2967 819 3024 fere
843 2967 935 3043 signis
961 2979 1092 3040 constet,
1116 2969 1146 3026 in
1163 2970 1292 3046 Assyria
1317 2970 1386 3045 plus

285 3062 433 3120 sexcentis
455 3063 513 3120 iam
532 3064 651 3122 inventa
669 3074 750 3138 sunt,
777 3085 853 3142 quae
878 3069 973 3143 magis
995 3070 1128 3127 miuusve
1150 3070 1227 3127 inter
1252 3090 1284 3129 se
1302 3071 1385 3128 diffe-

285 3172 366 3234 runt3
392 3171 421 3220 et
443 3183 502 3240 quc
524 3165 624 3239 plures
647 3167 775 3224 studium
793 3186 877 3226 suurn
896 3187 1076 3246 operamque
1092 3169 1123 3226 in
1140 3170 1217 3227 hanc
1235 3171 1385 3247 quaestio-

286 3284 352 3321 nem
377 3264 578 3338 contulerunt‚
609 3285 643 3322 eo
674 3268 770 3344 magis
795 3269 957 3328 sentcntiae
980 3289 1081 3328 eorum
1105 3278 1135 3326 et
1156 3270 1287 3331 rationes
1309 3273 1386 3330 inter

287 3382 318 3422 se
349 3364 482 3422 diversae
513 3374 589 3424 sunt.
628 3365 708 3424 Nam
748 3369 783 3424 de
820 3378 925 3428 natura
953 3370 1072 3446 linguae
1101 3368 1236 3442 plurimis
1267 3372 1385 3445 quidem

286 3464 361 3522 idem
379 3464 505 3538 placuit,
524 3467 604 3542 quod
623 3487 639 3524 e
655 3467 686 3524 ll.
706 3486 746 3525 ss.
764 3476 846 3542 patet
858 3467 948 3542 (Gen.
960 3469 1007 3539 X,
1024 3467 1097 3544 10)⁴‚
1116 3465 1287 3526 Semiticam
1304 3490 1385 3541 esse3

338 3704 364 3764 1)
381 3706 434 3756 crr.
451 3706 560 3756 Journal
577 3708 607 3757 cs
621 3708 664 3758 the
682 3708 766 3772 Royal
783 3711 882 3760 Asiatie
900 3709 1003 3772 Society
1021 3709 1073 3759 vol.
1090 3710 1139 3760 XI.
1158 3712 1199 3762 all.

337 3787 362 3848 2)
381 3789 434 3838 Cir.
447 3789 592 3840 Zeitscbrift
609 3793 655 3840 der
667 3793 805 3841 deutschen
817 3793 1073 3856 morgenlaindiseben
1085 3794 1269 3859 Gesellscbaft‚
1286 3799 1336 3846 vol.
1350 3799 1383 3856 V,

286 3873 365 3933 1851,
384 3886 409 3934 p.
424 3874 483 3922 447.

336 3957 362 4018 3)
380 3958 461 4007 Varla
477 3972 518 4006 vv.
537 3958 579 4006 dd.
602 3961 629 4007 in
651 3959 698 4008 boc
720 3974 813 4022 genere
836 3961 921 4013 studia
943 3967 1070 4014 recensuit
1085 3966 1237 4024 Horreum
1258 3967 1322 4016 tiber
1344 3967 1387 4016 die

286 4045 377 4092 aweite
397 4044 446 4090 Art
469 4041 516 4090 der
537 4042 800 4094 Achaemenidiseben
823 4045 971 4096 Kellscbrift
994 4048 1125 4110 (Zeitscbr.
1149 4050 1195 4098 der
1212 4050 1386 4114 d.·m0rgenl.

287 4125 428 4176 Gerellscb.
442 4126 474 4175 V.
489 4140 512 4187 p.
527 4129 575 4178 145
582 4125 686 4188 -151)‚
700 4128 770 4177 brevi
778 4138 914 4192 conspectu
923 4133 1073 4194 perstrinxit
1083 4134 1214 4184 chnrcnn
1223 4136 1284 4184 ibid.
1294 4137 1386 4196 p.450.

335 4212 362 4273 4)
380 4209 455 4268 Quod
466 4213 587 4274 Assyrius
605 4227 688 4262 sermo
707 4227 723 4262 a
740 4213 843 4264 Indaeis
861 4231 912 4266 non
930 4219 1121 4280 intelligebatur
1137 4219 1188 4268 Ies.
1198 4219 1333 4280 XXVIII,
1346 4223 1386 4268 ll.

284 4293 419 4354 XXXIII,
438 4296 469 4356 9,
487 4309 538 4343 non
557 4295 688 4358 probibet,
706 4300 766 4362 quin
784 4299 930 4354 Semitieam
947 4309 1079 4352 teneamus
1097 4309 1215 4352 naturam
1232 4301 1388 4362 (cfa'l'ucun
