3124 4988
458 321 484 397 ξ.
502 327 528 379 4.
555 317 605 378 Da
623 333 812 379 oouorrreua
828 319 1025 380 Iuoaseuuu.
1200 338 1287 382 xxsu

185 523 204 562 a
227 501 297 564 Obr.
322 504 438 564 ridetur
461 502 605 564 accidisse
614 501 632 560 ¹.
657 533 693 544 -
719 499 770 561 Sic
793 501 932 562 Manasse
959 503 999 562 ab
1019 501 1125 562 iisdem
1150 505 1287 582 Assyriis

185 612 288 680 captum¹
305 615 365 678 est,
384 605 528 682 aquibus
545 599 672 660 Hiskias
689 609 775 676 pater
792 611 852 662 tem
869 601 1023 678 splendide
1043 602 1186 662 liberatus
1204 615 1286 676 erat3

184 704 288 764 iisdem
311 707 389 764 enim
411 703 541 781 peccatis
566 701 778 760 contumaciter
800 721 866 762 sese
888 702 1024 775 dederat,
1056 723 1075 761 a
1091 703 1201 781 quibus
1224 705 1287 775 ille,

185 813 327 882 quantum
345 805 474 878 valeret,
491 821 615 880 regnum
631 801 778 860 lustravit

234 903 422 981 Neeopinata
437 905 493 963 hae
509 902 677 962 calamitate
692 902 794 961 Iudaei
811 922 830 960 a
846 921 962 962 summo
984 902 1117 962 insaniae
1134 912 1224 981 atque
1240 904 1286 962 in·

187 1003 333 1064 solentiae
348 1005 470 1082 fastigio
492 1004 524 1063 in
549 1013 712 1062 extremam
730 1002 907 1062 moestitiam
925 1011 1015 1080 atque
1031 1003 1212 1064 anxietatem
1236 1005 1287 1064 de·

183 1104 252 1168 iecti
270 1114 353 1178 sunt3
378 1125 438 1164 non
461 1104 543 1183 quod
565 1103 666 1162 ablato
691 1120 760 1179 rege
784 1103 889 1178 inopes
911 1103 1037 1164 fuissent
1062 1104 1195 1177 consilii,
1219 1105 1287 1181 quis

184 1205 244 1263 iam
261 1207 349 1266 rebus
366 1205 491 1282 publicis
508 1204 724 1275 moderaretur,
743 1222 797 1262 nee
814 1203 895 1279 quod
912 1202 1095 1262 dilectissimi
1110 1205 1187 1263 forte
1205 1204 1288 1280 prin*

182 1305 260 1381 cipis
283 1306 402 1366 vincula
424 1313 523 1366 essent
545 1303 801 1363 commiserati-
828 1303 1007 1380 flagitiorum
1037 1303 1115 1362 onim
1141 1304 1287 1381 magistre

185 1405 286 1481 potius
307 1407 403 1483 gavisi
425 1414 511 1464 erant
536 1423 625 1482 quam
648 1421 748 1480 regem
772 1422 857 1463 suum
882 1423 947 1462 cum
971 1403 1083 1479 pietate
1105 1411 1135 1464 et
1164 1403 1287 1464 caritate

184 1508 350 1581 prosecuti,
365 1507 417 1568 sed
434 1506 505 1584 quia
520 1505 585 1564 fieri
601 1524 660 1564 non
677 1504 784 1579 potuit,
802 1504 873 1581 quin
892 1504 1036 1577 timerent,
1055 1523 1092 1562 ne
1108 1519 1179 1581 rege
1197 1513 1287 1581 capto

184 1607 323 1667 universa
344 1625 417 1683 gens
439 1606 533 1666 serius
555 1606 638 1664 ocius
662 1604 699 1662 ab
718 1604 868 1681 Assyriis,
893 1602 1050 1664 Senberibi
1071 1604 1149 1664 forte
1173 1605 1286 1664 cladem

185 1807 301 1858 Versnch
322 1808 386 1858 tiber
407 1807 450 1858 die
472 1805 587 1858 Chronik
610 1805 787 1870 p.aae-31)
804 1813 831 1856 et
847 1805 978 1856 anunu.
996 1806 1075 1870 (uini.
1092 1806 1135 1869 11,
1153 1821 1183 1869 a,
1201 1823 1226 1872 p.
1236 1811 1285 1860 221

185 1891 285 1954 425)
302 1899 356 1942 tam
377 1893 518 1944 luculenter
540 1891 652 1942 murteta
672 1898 745 1953 sunt,
768 1897 797 1940 nt
819 1891 861 1940 rel
877 1891 984 1942 uwnn.
1002 1899 1168 1954 asseveraret,
1193 1891 1287 1944 Gesclu.

185 1975 231 2026 des
248 1976 282 2027 V.
300 1976 363 2027 Thr.
380 1976 437 2038 III,
456 1991 485 2039 a,
503 1992 527 2040 p.
539 1976 604 2025 377:
622 1975 827 2040 „dasEreigniss
844 1974 914 2025 kann
932 1977 1028 2026 seinem
1047 1978 1163 2026 reinen
1180 1977 1287 2028 Grande

185 2059 228 2122 (i)
251 2060 315 2110 uach
337 2075 385 2124 gar
406 2061 477 2110 nicht
499 2060 643 2110 bezweiielt
666 2059 800 2121 werden,“
825 2061 884 2109 licet
906 2062 1046 2110 notaverit:
1071 2062 1147 2124 ,Wer
1170 2075 1223 2110 nun
1243 2062 1286 2111 die

184 2159 266 2208 ganza
288 2147 339 2195 Art
360 2145 406 2194 des
430 2143 587 2194 chronikere
608 2143 702 2205 kennt,
732 2144 797 2194 wird
828 2144 911 2194 hierin
935 2160 983 2194 nur
1007 2145 1049 2195 die
1072 2145 1287 2209 eigenthrimliehe

185 2227 384 2291 strafgehaltene
407 2228 635 2278 balbdichterische
657 2228 915 2292 Darstellungsweiae
931 2229 1032 2291 finden,
1054 2231 1082 2279 ln
1104 2231 1214 2281 welcher
1232 2231 1286 2280 die-

184 2327 226 2362 ser
242 2312 366 2362 Ilraihler
382 2313 446 2364 euch
469 2321 541 2362 sonat
564 2327 593 2362 so
616 2312 655 2361 oft
671 2327 727 2361 was
750 2327 778 2362 er
800 2314 827 2361 iu
847 2314 944 2363 seinem
962 2311 1152 2372 Quellenbuebe
1170 2314 1288 2363 ansfiibr·
1317 2304 1320 2309 ’

185 2397 264 2448 licher
280 2397 445 2448 beschrieben
461 2397 532 2460 fond,
549 2398 576 2446 in
594 2397 636 2446 ein
653 2408 716 2458 paar
733 2397 878 2460 gewfirzige
889 2396 981 2446 Worte
1000 2397 1285 2461 zusammendrs'tngtit“

184 2507 218 2518 —
236 2481 312 2530 Unde
329 2481 495 2544 repetendum
513 2482 559 2542 sit,
583 2478 652 2543 quod
670 2479 731 2528 libb.
749 2478 848 2541 Regum
872 2477 935 2528 nihil
960 2479 992 2528 de
1015 2478 1063 2528 hoc
1086 2496 1146 2531 casu
1164 2482 1284 2546 habeant,

185 2573 275 2631 postea
290 2565 446 2626 videbimus3
469 2565 543 2614 nobis
567 2571 653 2614 autem
677 2579 802 2613 summum
825 2563 955 2628 quoddam
977 2563 1156 2613 documentum
1181 2579 1213 2613 ex
1232 2567 1289 2630 ipso

185 2651 298 2700 Nahnmi
319 2650 386 2699 libro
411 2649 551 2712 radendae
575 2649 613 2698 nti
635 2649 703 2697 enim
726 2663 803 2712 supra
821 2664 844 2712 p.
857 2648 954 2697 XVIII
970 2649 1074 2698 iamiam
1091 2648 1291 2712 indigitavimus,

184 2737 304 2785 universa
321 2736 436 2784 vaticinii
454 2735 564 2783 ratioet
580 2734 745 2798 praesertim,
763 2733 833 2797 quod
851 2739 976 2797 nusquam
994 2738 1097 2796 peccata
1112 2733 1198 2796 populi
1216 2747 1290 2797 argn-

186 2825 271 2880 uutur,
288 2826 467 2883 tempestatem
484 2819 597 2881 aliquam
614 2818 745 2883 designat,
763 2831 815 2882 qus
830 2817 921 2868 Iudaei
938 2819 1011 2880 gravi
1023 2817 1135 2880 quodam
1148 2831 1208 2867 casn
1223 2817 1290 2868 adeo

185 2901 277 2954 deiecti
293 2909 367 2954 erant
384 2917 414 2954 ac
431 2917 511 2967 paene
529 2902 673 2967 desperati,
698 2913 742 2964 ut,
765 2919 822 2952 cum
844 2917 886 2952 res
902 2903 960 2966 ipsa
976 2902 1038 2950 satis
1056 2915 1180 2965 superque
1198 2902 1288 2964 loque-

185 2994 267 3049 retur,
289 3003 343 3038 nou
360 2987 482 3036 severitas
499 2988 578 3050 legis,
600 2987 646 3036 sed
668 2988 768 3050 gratiae
791 2987 899 3036 dulcedo
922 2987 1054 3036 hominum
1076 2985 1168 3034 animis
1184 2985 1289 3036 fortiter

185 3079 253 3120 esset
269 3068 442 3136 proponenda.
478 3071 513 3120 Et
530 3074 652 3136 qnoniam
669 3072 817 3122 Nahumum
835 3086 887 3121 uon
904 3085 979 3135 pesae
997 3070 1046 3118 nisi
1064 3075 1121 3132 post
1135 3068 1244 3118 Hislriae
1260 3076 1287 3118 et

184 3161 245 3204 ante
261 3154 347 3204 Iosiae
364 3162 463 3218 tempus
480 3155 558 3205 fuisse
578 3157 742 3206 vaticinatum
759 3155 883 3216 vidImus,
906 3154 1034 3204 eiusmodi
1057 3152 1229 3202 calamitatem
1246 3166 1286 3202 re-

184 3245 281 3304 gnante
297 3239 418 3290 Manassa
436 3239 558 3290 accidisse
575 3247 685 3304 oportet.

237 3325 263 3386 1)
279 3322 390 3383 Quando
407 3305 528 3373 Manasse
545 3325 577 3374 ab
595 3324 709 3387 Assyriis
727 3323 876 3385 deportatus
893 3321 984 3381 inerit,
1007 3333 1129 3382 nusquam
1151 3324 1221 3368 certo
1239 3318 1286 3368 do-
1304 3356 1306 3360 .

185 3415 268 3472 cetum
286 3414 370 3472 potest
387 3413 474 3458 mmeu
491 3421 524 3458 ex
541 3409 602 3472 ipsis
620 3407 647 3456 ll.
660 3421 694 3457 ss.
712 3405 791 3470 probe
808 3405 918 3454 deliniri.
935 3405 1005 3456 Nam
1016 3403 1182 3467 Assyriorum
1196 3403 1286 3466 copiae

184 3493 212 3542 in
222 3492 397 3542 Palaestiuam
409 3491 571 3543 descendisse
588 3492 654 3541 aliae
671 3505 724 3540 nou
740 3496 847 3554 possunt
864 3490 985 3552 cogitari,
1002 3502 1079 3552 quam
1096 3501 1162 3550 quae
1179 3488 1290 3560 colonos

184 3576 243 3626 illos
254 3575 416 3626 deduxerunt
428 3582 454 3626 et
465 3577 492 3626 X
503 3577 615 3626 tribuum
627 3576 747 3638 reliquias
760 3588 844 3624 secum
857 3579 1064 3638 asportaveruut3
1076 3572 1104 3622 id
1115 3570 1184 3634 quod
1198 3585 1287 3622 secun-

186 3659 247 3709 dum
263 3659 313 3708 Ies.
326 3661 392 3722 VII,
403 3643 433 3752 s
442 3661 537 3712 factum
555 3667 595 3710 est
611 3660 685 3710 LXV
698 3661 772 3710 annis
789 3665 847 3722 post
864 3659 974 3722 primum
982 3657 1079 3707 Achaei
1092 3669 1202 3715 annum,
1219 3656 1284 3716 7423
1355 3643 1375 3710 ,⁸

186 3743 254 3794 unde
276 3743 423 3794 deducimur
446 3744 480 3794 ad
501 3745 620 3795 XIIIIum
638 3744 767 3794 Manassis
790 3757 899 3803 aunum,
921 3757 942 3791 s.
959 3741 1018 3790 676.
1057 3740 1210 3790 Assentinut
1227 3739 1286 3790 huie
1326 3737 1328 3744 '

185 3827 283 3878 cuculo
304 3827 456 3878 Iudaeorum
480 3828 629 3892 chronologi
651 3829 678 3878 in
699 3828 765 3878 libro
783 3826 865 3878 Sedet
881 3824 971 3887 Olam,
994 3832 1049 3874 tum
1070 3839 1132 3874 vero
1151 3823 1288 3885 Uesuuius,

185 3925 218 3961 na
235 3912 384 3972 Vesaeuus,
401 3911 518 3973 murus,
533 3909 769 3964 Hasasmmsnarus
787 3909 917 3972 (Christol.
927 3909 956 3970 Ι,
966 3909 996 3970 1),
1009 3909 1055 3970 56,
1075 3909 1154 3960 Beitr.
1171 3909 1199 3970 I,
1217 3907 1286 3969 177),

185 3995 369 4046 Damasum
386 3995 437 4045 Ies.
453 3995 482 4054 Ι,
498 4011 523 4059 p.
541 3999 605 4058 280,
621 3997 664 4046 all.
692 3995 742 4055 Qui
758 3994 888 4044 devflmo
898 3993 1027 4044 Manassis
1045 4008 1113 4044 anno
1131 3997 1285 4058 cogitarunt,

185 4082 218 4132 iis
245 4087 314 4130 recte
340 4079 437 4128 dudum
463 4079 595 4143 respoudit
616 4080 638 4128 Ι.
656 4081 691 4130 H.
709 4081 847 4130 Mreuaauu
870 4078 968 4141 (annot.
996 4079 1079 4128 ubera.
1107 4079 1141 4129 ad
1164 4079 1284 4128 iParal.

186 4165 322 4226 XXXIII,
339 4163 397 4226 ll),
419 4163 584 4226 „complures
607 4177 688 4212 anuos
711 4163 877 4226 designandis
898 4171 937 4214 tot
958 4164 1114 4214 facinoribus
1142 4163 1285 4223 transiisse,

186 4250 334 4314 praesertim
352 4265 410 4300 cum
426 4247 504 4298 etiam
521 4247 617 4298 liberes
634 4261 693 4296 suos
710 4247 786 4298 idolis
796 4248 944 4298 immolasse
958 4247 1090 4310 dicatur;“
1109 4255 1137 4298 ut
1148 4255 1286 4306 taceamm,

186 4333 307 4396 Assyrios
326 4349 357 4384 eo
375 4341 489 4397 tempore
506 4347 558 4383 non
575 4331 690 4394 tetigisse
707 4318 887 4384 Palaestinam.
