<?xml version="1.0" encoding="UTF-8"?>
<!DOCTYPE html PUBLIC "-//W3C//DTD XHTML 1.0 Transitional//EN"
    "http://www.w3.org/TR/xhtml1/DTD/xhtml1-transitional.dtd">
<html xmlns="http://www.w3.org/1999/xhtml" xml:lang="en" lang="en">
 <head>
  <title>
</title>
<meta http-equiv="Content-Type" content="text/html;charset=utf-8" />
  <meta name='ocr-system' content='tesseract 3.04.00' />
  <meta name='ocr-capabilities' content='ocr_page ocr_carea ocr_par ocr_line ocrx_word'/>
</head>
<body>
  <div class='ocr_page' id='page_1' title='image "./nahumideninovat03stragoog/nahumideninovat03stragoog_0040.png"; bbox 0 0 3124 4988; ppageno 0'>
   <div class='ocr_carea' id='block_1_1' title="bbox 278 284 1028 353">
    <p class='ocr_par' dir='ltr' id='par_1_1' title="bbox 278 284 1028 353">
     <span class='ocr_line' id='line_1_1' title="bbox 278 284 1028 353; baseline -0.012 0"><span class='ocrx_word' id='word_1_1' title='bbox 278 309 344 353; x_wconf 83' lang='lat' dir='ltr'><strong>xxx</strong></span> <span class='ocrx_word' id='word_1_2' title='bbox 627 287 871 347; x_wconf 80' lang='lat' dir='ltr'><strong>Psoasooaans.</strong></span> <span class='ocrx_word' id='word_1_3' title='bbox 898 284 971 346; x_wconf 78' lang='lat' dir='ltr'><strong>Gar.</strong></span> <span class='ocrx_word' id='word_1_4' title='bbox 988 285 1028 344; x_wconf 89' lang='lat' dir='ltr'><strong>ll.</strong></span> 
     </span>
    </p>
   </div>
   <div class='ocr_carea' id='block_1_2' title="bbox 280 469 1384 1250">
    <p class='ocr_par' dir='ltr' id='par_1_2' title="bbox 280 469 1384 1250">
     <span class='ocr_line' id='line_1_2' title="bbox 331 469 1383 548; baseline -0.006 -14"><span class='ocrx_word' id='word_1_5' title='bbox 331 474 471 534; x_wconf 82' lang='lat' dir='ltr'><strong>Manasse</strong></span> <span class='ocrx_word' id='word_1_6' title='bbox 491 472 523 530; x_wconf 91' lang='lat' dir='ltr'><strong>in</strong></span> <span class='ocrx_word' id='word_1_7' title='bbox 540 472 669 548; x_wconf 73' lang='lat' dir='ltr'><strong>panium</strong></span> <span class='ocrx_word' id='word_1_8' title='bbox 685 471 780 532; x_wconf 80' lang='lat' dir='ltr'>redux</span> <span class='ocrx_word' id='word_1_9' title='bbox 805 480 835 532; x_wconf 89' lang='lat' dir='ltr'><strong>et</strong></span> <span class='ocrx_word' id='word_1_10' title='bbox 851 470 929 530; x_wconf 90' lang='lat' dir='ltr'><strong>serio</strong></span> <span class='ocrx_word' id='word_1_11' title='bbox 954 469 993 529; x_wconf 87' lang='lat' dir='ltr'><strong>sd</strong></span> <span class='ocrx_word' id='word_1_12' title='bbox 1010 469 1097 529; x_wconf 79' lang='lat' dir='ltr'><strong>deuon</strong></span> <span class='ocrx_word' id='word_1_13' title='bbox 1119 485 1297 543; x_wconf 85' lang='lat' dir='ltr'><strong>conversus,</strong></span> <span class='ocrx_word' id='word_1_14' title='bbox 1321 471 1383 546; x_wconf 90' lang='lat' dir='ltr'><strong>pri-</strong></span> 
     </span>
     <span class='ocr_line' id='line_1_3' title="bbox 282 571 1384 649; baseline -0.008 -13"><span class='ocrx_word' id='word_1_15' title='bbox 282 575 361 636; x_wconf 88' lang='lat' dir='ltr'><strong>stina</strong></span> <span class='ocrx_word' id='word_1_16' title='bbox 378 574 457 632; x_wconf 84' lang='lat' dir='ltr'><strong>vitae</strong></span> <span class='ocrx_word' id='word_1_17' title='bbox 473 573 589 632; x_wconf 85' lang='lat' dir='ltr'><strong>ratione</strong></span> <span class='ocrx_word' id='word_1_18' title='bbox 606 580 801 646; x_wconf 86' lang='lat' dir='ltr'><strong>commutata,</strong></span> <span class='ocrx_word' id='word_1_19' title='bbox 825 590 956 649; x_wconf 85' lang='lat' dir='ltr'><strong>eaquae</strong></span> <span class='ocrx_word' id='word_1_20' title='bbox 972 580 1061 630; x_wconf 88' lang='lat' dir='ltr'><strong>antea</strong></span> <span class='ocrx_word' id='word_1_21' title='bbox 1076 579 1266 646; x_wconf 85' lang='lat' dir='ltr'><strong>peccaverat,</strong></span> <span class='ocrx_word' id='word_1_22' title='bbox 1288 571 1384 628; x_wconf 81' lang='lat' dir='ltr'><strong>corri-</strong></span> 
     </span>
     <span class='ocr_line' id='line_1_4' title="bbox 280 669 1384 752; baseline -0.004 -19"><span class='ocrx_word' id='word_1_23' title='bbox 280 680 352 752; x_wconf 84' lang='lat' dir='ltr'><strong>gere</strong></span> <span class='ocrx_word' id='word_1_24' title='bbox 374 681 466 750; x_wconf 84' lang='lat' dir='ltr'><strong>atque</strong></span> <span class='ocrx_word' id='word_1_25' title='bbox 488 673 644 733; x_wconf 86' lang='lat' dir='ltr'><strong>restituero</strong></span> <span class='ocrx_word' id='word_1_26' title='bbox 669 673 791 733; x_wconf 80' lang='lat' dir='ltr'><strong>studuit.</strong></span> <span class='ocrx_word' id='word_1_27' title='bbox 822 671 974 732; x_wconf 86' lang='lat' dir='ltr'><strong>idolorum</strong></span> <span class='ocrx_word' id='word_1_28' title='bbox 996 671 1087 748; x_wconf 86' lang='lat' dir='ltr'><strong>igitur</strong></span> <span class='ocrx_word' id='word_1_29' title='bbox 1111 669 1220 729; x_wconf 88' lang='lat' dir='ltr'><strong>altaria</strong></span> <span class='ocrx_word' id='word_1_30' title='bbox 1241 679 1272 728; x_wconf 88' lang='lat' dir='ltr'><strong>et</strong></span> <span class='ocrx_word' id='word_1_31' title='bbox 1292 671 1384 730; x_wconf 86' lang='lat' dir='ltr'><strong>simu·</strong></span> 
     </span>
     <span class='ocr_line' id='line_1_5' title="bbox 281 769 1383 850; baseline -0.002 -18"><span class='ocrx_word' id='word_1_32' title='bbox 281 776 365 834; x_wconf 87' lang='lat' dir='ltr'><strong>lacra</strong></span> <span class='ocrx_word' id='word_1_33' title='bbox 379 773 522 846; x_wconf 83' lang='lat' dir='ltr'><strong>removit,</strong></span> <span class='ocrx_word' id='word_1_34' title='bbox 545 779 576 831; x_wconf 89' lang='lat' dir='ltr'><strong>et</strong></span> <span class='ocrx_word' id='word_1_35' title='bbox 592 773 920 850; x_wconf 84' lang='lat' dir='ltr'><strong>superstitionesillas,</strong></span> <span class='ocrx_word' id='word_1_36' title='bbox 945 780 1087 848; x_wconf 88' lang='lat' dir='ltr'><strong>quantum</strong></span> <span class='ocrx_word' id='word_1_37' title='bbox 1103 771 1217 848; x_wconf 85' lang='lat' dir='ltr'><strong>potuit,</strong></span> <span class='ocrx_word' id='word_1_38' title='bbox 1241 769 1383 830; x_wconf 83' lang='lat' dir='ltr'><strong>acirium</strong></span> 
     </span>
     <span class='ocr_line' id='line_1_6' title="bbox 282 863 1383 946; baseline -0.005 -10"><span class='ocrx_word' id='word_1_39' title='bbox 282 875 390 936; x_wconf 88' lang='lat' dir='ltr'><strong>animis</strong></span> <span class='ocrx_word' id='word_1_40' title='bbox 407 873 533 933; x_wconf 82' lang='lat' dir='ltr'><strong>evellere</strong></span> <span class='ocrx_word' id='word_1_41' title='bbox 549 881 673 933; x_wconf 88' lang='lat' dir='ltr'><strong>conatus</strong></span> <span class='ocrx_word' id='word_1_42' title='bbox 691 882 753 946; x_wconf 81' lang='lat' dir='ltr'><strong>est3</strong></span> <span class='ocrx_word' id='word_1_43' title='bbox 771 882 890 932; x_wconf 83' lang='lat' dir='ltr'><strong>atvero</strong></span> <span class='ocrx_word' id='word_1_44' title='bbox 907 873 1017 932; x_wconf 87' lang='lat' dir='ltr'><strong>malum</strong></span> <span class='ocrx_word' id='word_1_45' title='bbox 1032 871 1109 932; x_wconf 89' lang='lat' dir='ltr'><strong>adeo</strong></span> <span class='ocrx_word' id='word_1_46' title='bbox 1121 863 1318 930; x_wconf 72' lang='lat' dir='ltr'><strong>inveteratum</strong></span> <span class='ocrx_word' id='word_1_47' title='bbox 1330 870 1383 930; x_wconf 84' lang='lat' dir='ltr'><strong>vix</strong></span> 
     </span>
     <span class='ocr_line' id='line_1_7' title="bbox 282 971 1384 1050; baseline -0.004 -16"><span class='ocrx_word' id='word_1_48' title='bbox 282 977 342 1036; x_wconf 85' lang='lat' dir='ltr'><strong>iam</strong></span> <span class='ocrx_word' id='word_1_49' title='bbox 365 973 526 1049; x_wconf 83' lang='lat' dir='ltr'><strong>exstirpari</strong></span> <span class='ocrx_word' id='word_1_50' title='bbox 547 973 660 1050; x_wconf 83' lang='lat' dir='ltr'><strong>potuit,</strong></span> <span class='ocrx_word' id='word_1_51' title='bbox 686 981 717 1032; x_wconf 89' lang='lat' dir='ltr'><strong>et</strong></span> <span class='ocrx_word' id='word_1_52' title='bbox 738 973 855 1032; x_wconf 76' lang='lat' dir='ltr'><strong>facilius</strong></span> <span class='ocrx_word' id='word_1_53' title='bbox 877 973 916 1031; x_wconf 92' lang='lat' dir='ltr'><strong>ad</strong></span> <span class='ocrx_word' id='word_1_54' title='bbox 939 972 1039 1031; x_wconf 89' lang='lat' dir='ltr'><strong>omnia</strong></span> <span class='ocrx_word' id='word_1_55' title='bbox 1060 972 1115 1032; x_wconf 84' lang='lat' dir='ltr'><strong>illa</strong></span> <span class='ocrx_word' id='word_1_56' title='bbox 1136 971 1271 1031; x_wconf 81' lang='lat' dir='ltr'><strong>facinora</strong></span> <span class='ocrx_word' id='word_1_57' title='bbox 1294 980 1384 1031; x_wconf 83' lang='lat' dir='ltr'><strong>autea</strong></span> 
     </span>
     <span class='ocr_line' id='line_1_8' title="bbox 282 1071 1384 1150; baseline -0.005 -16"><span class='ocrx_word' id='word_1_58' title='bbox 282 1073 397 1134; x_wconf 82' lang='lat' dir='ltr'>seducti</span> <span class='ocrx_word' id='word_1_59' title='bbox 414 1081 512 1146; x_wconf 84' lang='lat' dir='ltr'><strong>erant,</strong></span> <span class='ocrx_word' id='word_1_60' title='bbox 537 1093 627 1150; x_wconf 84' lang='lat' dir='ltr'><strong>quam</strong></span> <span class='ocrx_word' id='word_1_61' title='bbox 651 1074 690 1132; x_wconf 89' lang='lat' dir='ltr'><strong>ab</strong></span> <span class='ocrx_word' id='word_1_62' title='bbox 712 1073 803 1134; x_wconf 88' lang='lat' dir='ltr'><strong>insita</strong></span> <span class='ocrx_word' id='word_1_63' title='bbox 819 1071 1007 1132; x_wconf 84' lang='lat' dir='ltr'><strong>idololatriae</strong></span> <span class='ocrx_word' id='word_1_64' title='bbox 1024 1072 1185 1149; x_wconf 80' lang='lat' dir='ltr'><strong>cupiditate</strong></span> <span class='ocrx_word' id='word_1_65' title='bbox 1201 1071 1384 1132; x_wconf 84' lang='lat' dir='ltr'><strong>revocaban-</strong></span> 
     </span>
     <span class='ocr_line' id='line_1_9' title="bbox 281 1173 1384 1250; baseline -0.002 -16"><span class='ocrx_word' id='word_1_66' title='bbox 281 1183 340 1234; x_wconf 87' lang='lat' dir='ltr'><strong>tur.</strong></span> <span class='ocrx_word' id='word_1_67' title='bbox 374 1173 514 1250; x_wconf 77' lang='lat' dir='ltr'>Legimus</span> <span class='ocrx_word' id='word_1_68' title='bbox 538 1173 615 1232; x_wconf 88' lang='lat' dir='ltr'><strong>enim</strong></span> <span class='ocrx_word' id='word_1_69' title='bbox 638 1174 759 1233; x_wconf 85' lang='lat' dir='ltr'><strong>deorum</strong></span> <span class='ocrx_word' id='word_1_70' title='bbox 783 1191 852 1232; x_wconf 89' lang='lat' dir='ltr'><strong>aras</strong></span> <span class='ocrx_word' id='word_1_71' title='bbox 876 1173 1058 1232; x_wconf 77' lang='lat' dir='ltr'><strong>alienasse</strong></span> <span class='ocrx_word' id='word_1_72' title='bbox 1082 1180 1196 1232; x_wconf 88' lang='lat' dir='ltr'><strong>tautum</strong></span> <span class='ocrx_word' id='word_1_73' title='bbox 1221 1181 1384 1232; x_wconf 85' lang='lat' dir='ltr'><strong>remotas</strong></span> 
     </span>
    </p>
   </div>
   <div class='ocr_carea' id='block_1_3' title="bbox 282 1272 1473 1350">
    <p class='ocr_par' dir='ltr' id='par_1_3' title="bbox 282 1272 1473 1350">
     <span class='ocr_line' id='line_1_10' title="bbox 282 1272 1473 1350; baseline -0.003 -15"><span class='ocrx_word' id='word_1_74' title='bbox 282 1293 365 1348; x_wconf 87' lang='lat' dir='ltr'><strong>esse,</strong></span> <span class='ocrx_word' id='word_1_75' title='bbox 390 1293 409 1332; x_wconf 87' lang='lat' dir='ltr'><strong>a</strong></span> <span class='ocrx_word' id='word_1_76' title='bbox 430 1273 513 1333; x_wconf 83' lang='lat' dir='ltr'><strong>loeis</strong></span> <span class='ocrx_word' id='word_1_77' title='bbox 535 1281 634 1332; x_wconf 88' lang='lat' dir='ltr'><strong>autem</strong></span> <span class='ocrx_word' id='word_1_78' title='bbox 656 1282 797 1334; x_wconf 87' lang='lat' dir='ltr'><strong>contusas</strong></span> <span class='ocrx_word' id='word_1_79' title='bbox 818 1272 1103 1350; x_wconf 84' lang='lat' dir='ltr'><strong>atquedisieotas¹‚</strong></span> <span class='ocrx_word' id='word_1_80' title='bbox 1125 1273 1383 1350; x_wconf 84' lang='lat' dir='ltr'><strong>posteaquamab</strong></span> <span class='ocrx_word' id='word_1_81' title='bbox 1464 1293 1473 1310; x_wconf 81' lang='lat'><strong>·</strong></span> 
     </span>
    </p>
   </div>
   <div class='ocr_carea' id='block_1_4' title="bbox 281 1359 1395 2553">
    <p class='ocr_par' dir='ltr' id='par_1_4' title="bbox 281 1359 1384 2052">
     <span class='ocr_line' id='line_1_11' title="bbox 283 1359 1383 1446; baseline -0.001 -13"><span class='ocrx_word' id='word_1_82' title='bbox 283 1375 432 1433; x_wconf 85' lang='lat' dir='ltr'><strong>Ammone</strong></span> <span class='ocrx_word' id='word_1_83' title='bbox 447 1391 564 1432; x_wconf 89' lang='lat' dir='ltr'><strong>rursum</strong></span> <span class='ocrx_word' id='word_1_84' title='bbox 586 1373 705 1432; x_wconf 82' lang='lat' dir='ltr'><strong>fuerunt</strong></span> <span class='ocrx_word' id='word_1_85' title='bbox 720 1374 917 1446; x_wconf 63' lang='lat' dir='ltr'><strong>instauratam</strong></span> <span class='ocrx_word' id='word_1_86' title='bbox 941 1393 995 1432; x_wconf 90' lang='lat' dir='ltr'><strong>nec</strong></span> <span class='ocrx_word' id='word_1_87' title='bbox 1011 1373 1180 1432; x_wconf 88' lang='lat' dir='ltr'><strong>desiverunt</strong></span> <span class='ocrx_word' id='word_1_88' title='bbox 1202 1373 1234 1431; x_wconf 91' lang='lat' dir='ltr'><strong>in</strong></span> <span class='ocrx_word' id='word_1_89' title='bbox 1257 1359 1383 1432; x_wconf 76' lang='lat' dir='ltr'><strong>excelsis</strong></span> 
     </span>
     <span class='ocr_line' id='line_1_12' title="bbox 283 1473 1384 1547; baseline 0.001 -15"><span class='ocrx_word' id='word_1_90' title='bbox 283 1475 358 1534; x_wconf 92' lang='lat' dir='ltr'><strong>locis</strong></span> <span class='ocrx_word' id='word_1_91' title='bbox 376 1473 545 1547; x_wconf 83' lang='lat' dir='ltr'><strong>immolare,</strong></span> <span class='ocrx_word' id='word_1_92' title='bbox 569 1473 638 1532; x_wconf 89' lang='lat' dir='ltr'><strong>licet</strong></span> <span class='ocrx_word' id='word_1_93' title='bbox 654 1473 784 1532; x_wconf 92' lang='lat' dir='ltr'><strong>Domino</strong></span> <span class='ocrx_word' id='word_1_94' title='bbox 810 1473 865 1532; x_wconf 90' lang='lat' dir='ltr'><strong>deo</strong></span> <span class='ocrx_word' id='word_1_95' title='bbox 882 1491 937 1533; x_wconf 91' lang='lat' dir='ltr'><strong>suo</strong></span> <span class='ocrx_word' id='word_1_96' title='bbox 955 1491 1040 1534; x_wconf 89' lang='lat' dir='ltr'><strong>sacra</strong></span> <span class='ocrx_word' id='word_1_97' title='bbox 1056 1473 1154 1532; x_wconf 82' lang='lat' dir='ltr'><strong>iacere</strong></span> <span class='ocrx_word' id='word_1_98' title='bbox 1170 1473 1227 1532; x_wconf 90' lang='lat' dir='ltr'><strong>sibi</strong></span> <span class='ocrx_word' id='word_1_99' title='bbox 1249 1473 1384 1533; x_wconf 87' lang='lat' dir='ltr'><strong>videren-</strong></span> 
     </span>
     <span class='ocr_line' id='line_1_13' title="bbox 282 1573 1384 1651; baseline 0 -17"><span class='ocrx_word' id='word_1_100' title='bbox 282 1584 341 1634; x_wconf 88' lang='lat' dir='ltr'><strong>tur.</strong></span> <span class='ocrx_word' id='word_1_101' title='bbox 367 1575 450 1651; x_wconf 83' lang='lat' dir='ltr'><strong>Ergo</strong></span> <span class='ocrx_word' id='word_1_102' title='bbox 468 1573 623 1634; x_wconf 83' lang='lat' dir='ltr'>conversio</span> <span class='ocrx_word' id='word_1_103' title='bbox 640 1575 719 1634; x_wconf 84' lang='lat' dir='ltr'><strong>seria</strong></span> <span class='ocrx_word' id='word_1_104' title='bbox 735 1582 764 1633; x_wconf 91' lang='lat' dir='ltr'><strong>et</strong></span> <span class='ocrx_word' id='word_1_105' title='bbox 781 1573 896 1634; x_wconf 89' lang='lat' dir='ltr'><strong>sincera</strong></span> <span class='ocrx_word' id='word_1_106' title='bbox 912 1573 1005 1634; x_wconf 90' lang='lat' dir='ltr'><strong>solius</strong></span> <span class='ocrx_word' id='word_1_107' title='bbox 1022 1575 1084 1634; x_wconf 87' lang='lat' dir='ltr'><strong>fere</strong></span> <span class='ocrx_word' id='word_1_108' title='bbox 1099 1573 1179 1651; x_wconf 80' lang='lat' dir='ltr'><strong>regis</strong></span> <span class='ocrx_word' id='word_1_109' title='bbox 1191 1582 1270 1648; x_wconf 87' lang='lat' dir='ltr'><strong>crat,</strong></span> <span class='ocrx_word' id='word_1_110' title='bbox 1288 1593 1384 1651; x_wconf 91' lang='lat' dir='ltr'><strong>popu·</strong></span> 
     </span>
     <span class='ocr_line' id='line_1_14' title="bbox 282 1673 1384 1752; baseline 0 -18"><span class='ocrx_word' id='word_1_111' title='bbox 282 1676 330 1734; x_wconf 90' lang='lat' dir='ltr'><strong>lus</strong></span> <span class='ocrx_word' id='word_1_112' title='bbox 350 1683 502 1734; x_wconf 78' lang='lat' dir='ltr'>externam</span> <span class='ocrx_word' id='word_1_113' title='bbox 521 1682 634 1734; x_wconf 87' lang='lat' dir='ltr'><strong>tantam</strong></span> <span class='ocrx_word' id='word_1_114' title='bbox 651 1674 771 1751; x_wconf 82' lang='lat' dir='ltr'><strong>pietatis</strong></span> <span class='ocrx_word' id='word_1_115' title='bbox 789 1675 916 1750; x_wconf 87' lang='lat' dir='ltr'><strong>speeiem</strong></span> <span class='ocrx_word' id='word_1_116' title='bbox 933 1675 985 1734; x_wconf 86' lang='lat' dir='ltr'><strong>vix</strong></span> <span class='ocrx_word' id='word_1_117' title='bbox 1004 1693 1040 1734; x_wconf 89' lang='lat' dir='ltr'><strong>ac</strong></span> <span class='ocrx_word' id='word_1_118' title='bbox 1062 1694 1100 1733; x_wconf 90' lang='lat' dir='ltr'><strong>ne</strong></span> <span class='ocrx_word' id='word_1_119' title='bbox 1117 1675 1169 1733; x_wconf 83' lang='lat' dir='ltr'><strong>vix</strong></span> <span class='ocrx_word' id='word_1_120' title='bbox 1191 1673 1308 1752; x_wconf 88' lang='lat' dir='ltr'><strong>quidem</strong></span> <span class='ocrx_word' id='word_1_121' title='bbox 1330 1675 1384 1734; x_wconf 87' lang='lat' dir='ltr'><strong>ad-</strong></span> 
     </span>
     <span class='ocr_line' id='line_1_15' title="bbox 282 1774 1384 1852; baseline -0.001 -18"><span class='ocrx_word' id='word_1_122' title='bbox 282 1775 442 1847; x_wconf 84' lang='lat' dir='ltr'><strong>miserunt,</strong></span> <span class='ocrx_word' id='word_1_123' title='bbox 467 1783 498 1833; x_wconf 88' lang='lat' dir='ltr'><strong>et</strong></span> <span class='ocrx_word' id='word_1_124' title='bbox 514 1783 631 1834; x_wconf 90' lang='lat' dir='ltr'><strong>mortuo</strong></span> <span class='ocrx_word' id='word_1_125' title='bbox 648 1776 803 1846; x_wconf 67' lang='lat' dir='ltr'><strong>Madame,</strong></span> <span class='ocrx_word' id='word_1_126' title='bbox 826 1793 892 1834; x_wconf 88' lang='lat' dir='ltr'><strong>cum</strong></span> <span class='ocrx_word' id='word_1_127' title='bbox 909 1774 965 1834; x_wconf 90' lang='lat' dir='ltr'><strong>LV</strong></span> <span class='ocrx_word' id='word_1_128' title='bbox 982 1793 1077 1834; x_wconf 89' lang='lat' dir='ltr'><strong>annos</strong></span> <span class='ocrx_word' id='word_1_129' title='bbox 1098 1784 1269 1851; x_wconf 76' lang='lat' dir='ltr'>regnasset,</span> <span class='ocrx_word' id='word_1_130' title='bbox 1299 1775 1384 1852; x_wconf 89' lang='lat' dir='ltr'><strong>impii</strong></span> 
     </span>
     <span class='ocr_line' id='line_1_16' title="bbox 281 1874 1384 1952; baseline 0.001 -19"><span class='ocrx_word' id='word_1_131' title='bbox 281 1875 334 1933; x_wconf 89' lang='lat' dir='ltr'><strong>filii</strong></span> <span class='ocrx_word' id='word_1_132' title='bbox 352 1876 510 1934; x_wconf 89' lang='lat' dir='ltr'><strong>Ammonis</strong></span> <span class='ocrx_word' id='word_1_133' title='bbox 528 1874 696 1952; x_wconf 84' lang='lat' dir='ltr'><strong>exemplum</strong></span> <span class='ocrx_word' id='word_1_134' title='bbox 713 1875 805 1935; x_wconf 87' lang='lat' dir='ltr'><strong>secuti</strong></span> <span class='ocrx_word' id='word_1_135' title='bbox 824 1875 927 1951; x_wconf 90' lang='lat' dir='ltr'><strong>pronis</strong></span> <span class='ocrx_word' id='word_1_136' title='bbox 945 1875 1052 1935; x_wconf 87' lang='lat' dir='ltr'><strong>animis</strong></span> <span class='ocrx_word' id='word_1_137' title='bbox 1073 1875 1104 1934; x_wconf 89' lang='lat' dir='ltr'><strong>in</strong></span> <span class='ocrx_word' id='word_1_138' title='bbox 1121 1875 1248 1952; x_wconf 87' lang='lat' dir='ltr'><strong>pristina</strong></span> <span class='ocrx_word' id='word_1_139' title='bbox 1265 1876 1384 1936; x_wconf 88' lang='lat' dir='ltr'><strong>sacrile-</strong></span> 
     </span>
     <span class='ocr_line' id='line_1_17' title="bbox 282 1975 523 2052; baseline -0.008 -18"><span class='ocrx_word' id='word_1_140' title='bbox 282 1975 332 2052; x_wconf 79' lang='lat' dir='ltr'><strong>gia</strong></span> <span class='ocrx_word' id='word_1_141' title='bbox 347 1975 523 2032; x_wconf 88' lang='lat' dir='ltr'><strong>reciderunt.</strong></span> 
     </span>
    </p>

    <p class='ocr_par' dir='ltr' id='par_1_5' title="bbox 282 2073 1395 2553">
     <span class='ocr_line' id='line_1_18' title="bbox 334 2073 1383 2152; baseline 0.002 -20"><span class='ocrx_word' id='word_1_142' title='bbox 334 2073 403 2132; x_wconf 89' lang='lat' dir='ltr'><strong>Huc</strong></span> <span class='ocrx_word' id='word_1_143' title='bbox 419 2073 603 2133; x_wconf 81' lang='lat' dir='ltr'><strong>referendum</strong></span> <span class='ocrx_word' id='word_1_144' title='bbox 621 2083 681 2147; x_wconf 88' lang='lat' dir='ltr'><strong>est,</strong></span> <span class='ocrx_word' id='word_1_145' title='bbox 704 2075 784 2152; x_wconf 91' lang='lat' dir='ltr'><strong>quod</strong></span> <span class='ocrx_word' id='word_1_146' title='bbox 805 2075 836 2133; x_wconf 91' lang='lat' dir='ltr'><strong>in</strong></span> <span class='ocrx_word' id='word_1_147' title='bbox 854 2073 938 2134; x_wconf 92' lang='lat' dir='ltr'><strong>libris</strong></span> <span class='ocrx_word' id='word_1_148' title='bbox 956 2094 1058 2152; x_wconf 83' lang='lat' dir='ltr'><strong>regum</strong></span> <span class='ocrx_word' id='word_1_149' title='bbox 1081 2077 1117 2136; x_wconf 87' lang='lat' dir='ltr'><strong>de</strong></span> <span class='ocrx_word' id='word_1_150' title='bbox 1134 2075 1303 2136; x_wconf 80' lang='lat' dir='ltr'><strong>calamitate</strong></span> <span class='ocrx_word' id='word_1_151' title='bbox 1318 2077 1383 2135; x_wconf 88' lang='lat' dir='ltr'><strong>Ma·</strong></span> 
     </span>
     <span class='ocr_line' id='line_1_19' title="bbox 284 2174 1395 2255; baseline 0.002 -21"><span class='ocrx_word' id='word_1_152' title='bbox 284 2174 380 2235; x_wconf 80' lang='lat' dir='ltr'>nassis</span> <span class='ocrx_word' id='word_1_153' title='bbox 398 2183 429 2234; x_wconf 90' lang='lat' dir='ltr'><strong>et</strong></span> <span class='ocrx_word' id='word_1_154' title='bbox 445 2175 637 2234; x_wconf 81' lang='lat' dir='ltr'><strong>conversione</strong></span> <span class='ocrx_word' id='word_1_155' title='bbox 654 2174 728 2232; x_wconf 90' lang='lat' dir='ltr'><strong>nihil</strong></span> <span class='ocrx_word' id='word_1_156' title='bbox 744 2174 864 2234; x_wconf 90' lang='lat' dir='ltr'><strong>omnino</strong></span> <span class='ocrx_word' id='word_1_157' title='bbox 882 2177 1003 2252; x_wconf 83' lang='lat' dir='ltr'><strong>legitur,</strong></span> <span class='ocrx_word' id='word_1_158' title='bbox 1023 2175 1133 2255; x_wconf 89' lang='lat' dir='ltr'><strong>quippe</strong></span> <span class='ocrx_word' id='word_1_159' title='bbox 1146 2197 1223 2255; x_wconf 87' lang='lat' dir='ltr'><strong>quae</strong></span> <span class='ocrx_word' id='word_1_160' title='bbox 1235 2178 1275 2238; x_wconf 90' lang='lat' dir='ltr'><strong>ad</strong></span> <span class='ocrx_word' id='word_1_161' title='bbox 1287 2178 1395 2254; x_wconf 80' lang='lat' dir='ltr'><strong>ipsam·</strong></span> 
     </span>
     <span class='ocr_line' id='line_1_20' title="bbox 283 2275 1384 2355; baseline 0.001 -21"><span class='ocrx_word' id='word_1_162' title='bbox 283 2275 362 2351; x_wconf 84' lang='lat' dir='ltr'><strong>regis</strong></span> <span class='ocrx_word' id='word_1_163' title='bbox 378 2293 537 2351; x_wconf 83' lang='lat' dir='ltr'><strong>personam</strong></span> <span class='ocrx_word' id='word_1_164' title='bbox 554 2275 671 2352; x_wconf 91' lang='lat' dir='ltr'><strong>potins,</strong></span> <span class='ocrx_word' id='word_1_165' title='bbox 689 2295 778 2353; x_wconf 88' lang='lat' dir='ltr'><strong>quam</strong></span> <span class='ocrx_word' id='word_1_166' title='bbox 796 2276 834 2334; x_wconf 90' lang='lat' dir='ltr'><strong>ad</strong></span> <span class='ocrx_word' id='word_1_167' title='bbox 853 2277 1020 2336; x_wconf 87' lang='lat' dir='ltr'><strong>universam</strong></span> <span class='ocrx_word' id='word_1_168' title='bbox 1038 2277 1133 2353; x_wconf 84' lang='lat' dir='ltr'><strong>gentis</strong></span> <span class='ocrx_word' id='word_1_169' title='bbox 1150 2287 1276 2336; x_wconf 84' lang='lat' dir='ltr'><strong>mentem</strong></span> <span class='ocrx_word' id='word_1_170' title='bbox 1293 2278 1384 2355; x_wconf 89' lang='lat' dir='ltr'><strong>perti·</strong></span> 
     </span>
     <span class='ocr_line' id='line_1_21' title="bbox 282 2373 1384 2456; baseline 0.004 -24"><span class='ocrx_word' id='word_1_171' title='bbox 282 2373 406 2433; x_wconf 80' lang='lat' dir='ltr'><strong>nuerit².</strong></span> <span class='ocrx_word' id='word_1_172' title='bbox 442 2374 557 2448; x_wconf 83' lang='lat' dir='ltr'><strong>Quare,</strong></span> <span class='ocrx_word' id='word_1_173' title='bbox 581 2395 646 2434; x_wconf 91' lang='lat' dir='ltr'><strong>oum</strong></span> <span class='ocrx_word' id='word_1_174' title='bbox 664 2383 770 2452; x_wconf 87' lang='lat' dir='ltr'><strong>postea</strong></span> <span class='ocrx_word' id='word_1_175' title='bbox 793 2377 828 2435; x_wconf 93' lang='lat' dir='ltr'><strong>de</strong></span> <span class='ocrx_word' id='word_1_176' title='bbox 846 2376 945 2436; x_wconf 90' lang='lat' dir='ltr'><strong>exsilii</strong></span> <span class='ocrx_word' id='word_1_177' title='bbox 961 2377 1138 2454; x_wconf 88' lang='lat' dir='ltr'><strong>Babylonici</strong></span> <span class='ocrx_word' id='word_1_178' title='bbox 1163 2377 1275 2438; x_wconf 90' lang='lat' dir='ltr'><strong>caussis</strong></span> <span class='ocrx_word' id='word_1_179' title='bbox 1293 2397 1384 2456; x_wconf 87' lang='lat' dir='ltr'><strong>quae-</strong></span> 
     </span>
     <span class='ocr_line' id='line_1_22' title="bbox 284 2476 1384 2553; baseline 0.007 -21"><span class='ocrx_word' id='word_1_180' title='bbox 284 2483 414 2548; x_wconf 86' lang='lat' dir='ltr'><strong>reretur,</strong></span> <span class='ocrx_word' id='word_1_181' title='bbox 437 2493 502 2534; x_wconf 90' lang='lat' dir='ltr'><strong>cum</strong></span> <span class='ocrx_word' id='word_1_182' title='bbox 530 2477 630 2534; x_wconf 90' lang='lat' dir='ltr'><strong>omnia</strong></span> <span class='ocrx_word' id='word_1_183' title='bbox 654 2476 784 2535; x_wconf 90' lang='lat' dir='ltr'><strong>omnino·</strong></span> <span class='ocrx_word' id='word_1_184' title='bbox 798 2486 919 2553; x_wconf 87' lang='lat' dir='ltr'><strong>peccata</strong></span> <span class='ocrx_word' id='word_1_185' title='bbox 935 2497 990 2553; x_wconf 88' lang='lat' dir='ltr'><strong>per</strong></span> <span class='ocrx_word' id='word_1_186' title='bbox 1006 2486 1052 2536; x_wconf 90' lang='lat' dir='ltr'><strong>tot</strong></span> <span class='ocrx_word' id='word_1_187' title='bbox 1069 2477 1167 2538; x_wconf 86' lang='lat' dir='ltr'><strong>secula</strong></span> <span class='ocrx_word' id='word_1_188' title='bbox 1183 2480 1222 2538; x_wconf 90' lang='lat' dir='ltr'><strong>ab</strong></span> <span class='ocrx_word' id='word_1_189' title='bbox 1239 2477 1384 2540; x_wconf 79' lang='lat' dir='ltr'><strong>Israelitis</strong></span> 
     </span>
    </p>
   </div>
   <div class='ocr_carea' id='block_1_5' title="bbox 190 2575 1384 2656">
    <p class='ocr_par' dir='ltr' id='par_1_6' title="bbox 190 2575 1384 2656">
     <span class='ocr_line' id='line_1_23' title="bbox 190 2575 1384 2656; baseline 0.003 -22"><span class='ocrx_word' id='word_1_190' title='bbox 190 2587 192 2592; x_wconf 87' lang='lat'>&#39;</span> <span class='ocrx_word' id='word_1_191' title='bbox 285 2575 457 2648; x_wconf 81' lang='lat' dir='ltr'><strong>commissa,</strong></span> <span class='ocrx_word' id='word_1_192' title='bbox 476 2584 538 2634; x_wconf 89' lang='lat' dir='ltr'><strong>tum</strong></span> <span class='ocrx_word' id='word_1_193' title='bbox 556 2595 627 2635; x_wconf 87' lang='lat' dir='ltr'><strong>vero</strong></span> <span class='ocrx_word' id='word_1_194' title='bbox 644 2576 793 2635; x_wconf 87' lang='lat' dir='ltr'><strong>horrenda</strong></span> <span class='ocrx_word' id='word_1_195' title='bbox 810 2577 959 2637; x_wconf 88' lang='lat' dir='ltr'><strong>Manassis</strong></span> <span class='ocrx_word' id='word_1_196' title='bbox 976 2577 1145 2638; x_wconf 78' lang='lat' dir='ltr'><strong>facinoros</strong></span> <span class='ocrx_word' id='word_1_197' title='bbox 1160 2579 1315 2656; x_wconf 89' lang='lat' dir='ltr'><strong>prophetis</strong></span> <span class='ocrx_word' id='word_1_198' title='bbox 1332 2598 1384 2638; x_wconf 83' lang='lat' dir='ltr'><strong>ex-</strong></span> 
     </span>
    </p>
   </div>
   <div class='ocr_carea' id='block_1_6' title="bbox 284 2675 1386 2857">
    <p class='ocr_par' dir='ltr' id='par_1_7' title="bbox 284 2675 1386 2857">
     <span class='ocr_line' id='line_1_24' title="bbox 284 2675 1385 2756; baseline 0.005 -22"><span class='ocrx_word' id='word_1_199' title='bbox 284 2675 523 2752; x_wconf 79' lang='lat' dir='ltr'><strong>probrabantur³</strong></span> <span class='ocrx_word' id='word_1_200' title='bbox 529 2697 538 2750; x_wconf 83' lang='lat'>3</span> <span class='ocrx_word' id='word_1_201' title='bbox 565 2685 655 2754; x_wconf 89' lang='lat' dir='ltr'><strong>atque</strong></span> <span class='ocrx_word' id='word_1_202' title='bbox 671 2675 746 2736; x_wconf 90' lang='lat' dir='ltr'><strong>adeo</strong></span> <span class='ocrx_word' id='word_1_203' title='bbox 764 2677 953 2754; x_wconf 85' lang='lat' dir='ltr'><strong>septuaginta</strong></span> <span class='ocrx_word' id='word_1_204' title='bbox 969 2698 1064 2738; x_wconf 88' lang='lat' dir='ltr'><strong>annos</strong></span> <span class='ocrx_word' id='word_1_205' title='bbox 1080 2679 1167 2753; x_wconf 87' lang='lat' dir='ltr'><strong>illos,</strong></span> <span class='ocrx_word' id='word_1_206' title='bbox 1191 2680 1299 2756; x_wconf 90' lang='lat' dir='ltr'><strong>quibus</strong></span> <span class='ocrx_word' id='word_1_207' title='bbox 1315 2679 1385 2740; x_wconf 90' lang='lat' dir='ltr'><strong>inde</strong></span> 
     </span>
     <span class='ocr_line' id='line_1_25' title="bbox 285 2775 1386 2857; baseline 0.005 -23"><span class='ocrx_word' id='word_1_208' title='bbox 285 2795 303 2834; x_wconf 89' lang='lat' dir='ltr'><strong>a</strong></span> <span class='ocrx_word' id='word_1_209' title='bbox 321 2776 417 2850; x_wconf 90' lang='lat' dir='ltr'><strong>primo</strong></span> <span class='ocrx_word' id='word_1_210' title='bbox 434 2775 583 2836; x_wconf 88' lang='lat' dir='ltr'><strong>Manassis</strong></span> <span class='ocrx_word' id='word_1_211' title='bbox 600 2777 640 2836; x_wconf 90' lang='lat' dir='ltr'><strong>ad</strong></span> <span class='ocrx_word' id='word_1_212' title='bbox 655 2777 774 2836; x_wconf 85' lang='lat' dir='ltr'><strong>tertium</strong></span> <span class='ocrx_word' id='word_1_213' title='bbox 797 2777 940 2836; x_wconf 88' lang='lat' dir='ltr'><strong>decimam</strong></span> <span class='ocrx_word' id='word_1_214' title='bbox 956 2778 1054 2838; x_wconf 88' lang='lat' dir='ltr'><strong>Iosiae</strong></span> <span class='ocrx_word' id='word_1_215' title='bbox 1076 2797 1185 2839; x_wconf 90' lang='lat' dir='ltr'><strong>annum</strong></span> <span class='ocrx_word' id='word_1_216' title='bbox 1208 2779 1386 2857; x_wconf 80' lang='lat' dir='ltr'><strong>grauissima</strong></span> 
     </span>
    </p>
   </div>
   <div class='ocr_carea' id='block_1_7' title="bbox 285 2877 1387 3052">
    <p class='ocr_par' dir='ltr' id='par_1_8' title="bbox 285 2877 1387 3052">
     <span class='ocr_line' id='line_1_26' title="bbox 285 2877 1387 2956; baseline 0.003 -22"><span class='ocrx_word' id='word_1_217' title='bbox 285 2884 493 2951; x_wconf 87' lang='lat' dir='ltr'><strong>perpetrarant</strong></span> <span class='ocrx_word' id='word_1_218' title='bbox 509 2883 646 2952; x_wconf 84' lang='lat' dir='ltr'><strong>peccata,</strong></span> <span class='ocrx_word' id='word_1_219' title='bbox 671 2877 860 2956; x_wconf 84' lang='lat' dir='ltr'><strong>septuaginta</strong></span> <span class='ocrx_word' id='word_1_220' title='bbox 882 2897 1028 2938; x_wconf 85' lang='lat' dir='ltr'><strong>annorum</strong></span> <span class='ocrx_word' id='word_1_221' title='bbox 1052 2881 1178 2942; x_wconf 82' lang='lat' dir='ltr'><strong>servitus</strong></span> <span class='ocrx_word' id='word_1_222' title='bbox 1204 2890 1234 2940; x_wconf 88' lang='lat' dir='ltr'><strong>et</strong></span> <span class='ocrx_word' id='word_1_223' title='bbox 1249 2881 1387 2940; x_wconf 87' lang='lat' dir='ltr'><strong>exsilium</strong></span> 
     </span>
     <span class='ocr_line' id='line_1_27' title="bbox 286 2975 797 3052; baseline 0.01 -19"><span class='ocrx_word' id='word_1_224' title='bbox 286 2975 502 3052; x_wconf 75' lang='lat' dir='ltr'><strong>Babylonicum</strong></span> <span class='ocrx_word' id='word_1_225' title='bbox 520 2979 707 3037; x_wconf 88' lang='lat' dir='ltr'><strong>subsecutum</strong></span> <span class='ocrx_word' id='word_1_226' title='bbox 725 2977 797 3038; x_wconf 81' lang='lat' dir='ltr'><strong>est⁴.</strong></span> 
     </span>
    </p>
   </div>
   <div class='ocr_carea' id='block_1_8' title="bbox 568 3227 1103 3304">
    <p class='ocr_par' dir='ltr' id='par_1_9' title="bbox 568 3227 1103 3304">
     <span class='ocr_line' id='line_1_28' title="bbox 568 3227 1103 3304; baseline 0.019 -18"><span class='ocrx_word' id='word_1_227' title='bbox 568 3227 594 3304; x_wconf 66' lang='lat' dir='ltr'><strong>t.</strong></span> <span class='ocrx_word' id='word_1_228' title='bbox 612 3231 638 3286; x_wconf 86' lang='lat'><strong>5.</strong></span> <span class='ocrx_word' id='word_1_229' title='bbox 664 3241 713 3291; x_wconf 81' lang='lat' dir='ltr'><strong>on</strong></span> <span class='ocrx_word' id='word_1_230' title='bbox 731 3241 846 3294; x_wconf 81' lang='lat' dir='ltr'><strong>nasus</strong></span> <span class='ocrx_word' id='word_1_231' title='bbox 864 3243 1103 3299; x_wconf 73' lang='lat' dir='ltr'><strong>assumouun.</strong></span> 
     </span>
    </p>
   </div>
   <div class='ocr_carea' id='block_1_9' title="bbox 252 3347 1388 3661">
    <p class='ocr_par' dir='ltr' id='par_1_10' title="bbox 252 3347 1388 3661">
     <span class='ocr_line' id='line_1_29' title="bbox 353 3347 1388 3459; baseline 0.009 -28"><span class='ocrx_word' id='word_1_232' title='bbox 353 3373 514 3451; x_wconf 81' lang='lat' dir='ltr'><strong>Explicato</strong></span> <span class='ocrx_word' id='word_1_233' title='bbox 531 3376 706 3438; x_wconf 89' lang='lat' dir='ltr'><strong>ludaeorum</strong></span> <span class='ocrx_word' id='word_1_234' title='bbox 725 3387 823 3453; x_wconf 87' lang='lat' dir='ltr'><strong>statu,</strong></span> <span class='ocrx_word' id='word_1_235' title='bbox 848 3399 867 3439; x_wconf 92' lang='lat' dir='ltr'><strong>a</strong></span> <span class='ocrx_word' id='word_1_236' title='bbox 893 3400 952 3459; x_wconf 90' lang='lat' dir='ltr'><strong>quo</strong></span> <span class='ocrx_word' id='word_1_237' title='bbox 970 3383 1102 3442; x_wconf 77' lang='lat' dir='ltr'><strong>vaticinii</strong></span> <span class='ocrx_word' id='word_1_238' title='bbox 1120 3381 1225 3440; x_wconf 86' lang='lat' dir='ltr'><strong>edendi</strong></span> <span class='ocrx_word' id='word_1_239' title='bbox 1241 3347 1316 3440; x_wconf 72' lang='lat' dir='ltr'><strong>ansa</strong></span> <span class='ocrx_word' id='word_1_240' title='bbox 1342 3401 1388 3441; x_wconf 90' lang='lat' dir='ltr'><strong>re·</strong></span> 
     </span>
     <span class='ocr_line' id='line_1_30' title="bbox 271 3475 1388 3560; baseline 0.01 -29"><span class='ocrx_word' id='word_1_241' title='bbox 271 3475 414 3551; x_wconf 78' lang='lat' dir='ltr'><strong>,petenda</strong></span> <span class='ocrx_word' id='word_1_242' title='bbox 430 3483 489 3548; x_wconf 81' lang='lat' dir='ltr'><strong>est,</strong></span> <span class='ocrx_word' id='word_1_243' title='bbox 514 3477 668 3538; x_wconf 89' lang='lat' dir='ltr'><strong>dicendum</strong></span> <span class='ocrx_word' id='word_1_244' title='bbox 686 3480 775 3537; x_wconf 88' lang='lat' dir='ltr'><strong>etiarn</strong></span> <span class='ocrx_word' id='word_1_245' title='bbox 792 3488 838 3539; x_wconf 87' lang='lat' dir='ltr'><strong>est</strong></span> <span class='ocrx_word' id='word_1_246' title='bbox 855 3480 891 3539; x_wconf 89' lang='lat' dir='ltr'><strong>de</strong></span> <span class='ocrx_word' id='word_1_247' title='bbox 908 3483 997 3540; x_wconf 87' lang='lat' dir='ltr'><strong>rebus</strong></span> <span class='ocrx_word' id='word_1_248' title='bbox 1014 3481 1224 3558; x_wconf 85' lang='lat' dir='ltr'><strong>Assyriorum,</strong></span> <span class='ocrx_word' id='word_1_249' title='bbox 1248 3481 1287 3539; x_wconf 89' lang='lat' dir='ltr'><strong>ad</strong></span> <span class='ocrx_word' id='word_1_250' title='bbox 1312 3501 1388 3560; x_wconf 88' lang='lat' dir='ltr'><strong>quas</strong></span> 
     </span>
     <span class='ocr_line' id='line_1_31' title="bbox 252 3575 1387 3661; baseline 0.01 -30"><span class='ocrx_word' id='word_1_251' title='bbox 252 3575 363 3634; x_wconf 70' lang='lat' dir='ltr'><strong>‚vatis</strong></span> <span class='ocrx_word' id='word_1_252' title='bbox 389 3577 485 3635; x_wconf 89' lang='lat' dir='ltr'><strong>oratio</strong></span> <span class='ocrx_word' id='word_1_253' title='bbox 510 3594 570 3636; x_wconf 87' lang='lat' dir='ltr'><strong>non</strong></span> <span class='ocrx_word' id='word_1_254' title='bbox 594 3578 690 3641; x_wconf 89' lang='lat' dir='ltr'><strong>minus</strong></span> <span class='ocrx_word' id='word_1_255' title='bbox 716 3579 852 3655; x_wconf 88' lang='lat' dir='ltr'><strong>pertinet.</strong></span> <span class='ocrx_word' id='word_1_256' title='bbox 887 3582 944 3641; x_wconf 84' lang='lat' dir='ltr'><strong>Est</strong></span> <span class='ocrx_word' id='word_1_257' title='bbox 967 3581 1043 3640; x_wconf 88' lang='lat' dir='ltr'><strong>enim</strong></span> <span class='ocrx_word' id='word_1_258' title='bbox 1071 3579 1227 3640; x_wconf 89' lang='lat' dir='ltr'><strong>tenendum</strong></span> <span class='ocrx_word' id='word_1_259' title='bbox 1258 3582 1387 3661; x_wconf 85' lang='lat' dir='ltr'><strong>quidem,</strong></span> 
     </span>
    </p>
   </div>
   <div class='ocr_carea' id='block_1_10' title="bbox 285 3789 1387 3874">
    <p class='ocr_par' dir='ltr' id='par_1_11' title="bbox 285 3789 1387 3874">
     <span class='ocr_line' id='line_1_32' title="bbox 285 3789 1387 3874; baseline 0.01 -27"><span class='ocrx_word' id='word_1_260' title='bbox 285 3805 311 3847; x_wconf 84' lang='lat' dir='ltr'><strong>et</strong></span> <span class='ocrx_word' id='word_1_261' title='bbox 329 3800 435 3852; x_wconf 85' lang='lat' dir='ltr'><strong>arbitrio</strong></span> <span class='ocrx_word' id='word_1_262' title='bbox 452 3803 504 3852; x_wconf 86' lang='lat' dir='ltr'><strong>ism</strong></span> <span class='ocrx_word' id='word_1_263' title='bbox 522 3803 624 3854; x_wconf 81' lang='lat' dir='ltr'><strong>ridetur</strong></span> <span class='ocrx_word' id='word_1_264' title='bbox 641 3789 760 3866; x_wconf 83' lang='lat' dir='ltr'><strong>vacasse,</strong></span> <span class='ocrx_word' id='word_1_265' title='bbox 785 3811 860 3869; x_wconf 89' lang='lat' dir='ltr'><strong>atque</strong></span> <span class='ocrx_word' id='word_1_266' title='bbox 878 3806 945 3856; x_wconf 82' lang='lat' dir='ltr'><strong>adeo</strong></span> <span class='ocrx_word' id='word_1_267' title='bbox 962 3811 1053 3856; x_wconf 65' lang='lat' dir='ltr'><strong>conas</strong></span> <span class='ocrx_word' id='word_1_268' title='bbox 1069 3809 1199 3872; x_wconf 86' lang='lat' dir='ltr'><strong>utriusque</strong></span> <span class='ocrx_word' id='word_1_269' title='bbox 1217 3812 1290 3874; x_wconf 82' lang='lat' dir='ltr'><strong>regui</strong></span> <span class='ocrx_word' id='word_1_270' title='bbox 1307 3811 1387 3872; x_wconf 84' lang='lat' dir='ltr'><strong>impe·</strong></span> 
     </span>
    </p>
   </div>
   <div class='ocr_carea' id='block_1_11' title="bbox 285 3888 1386 4041">
    <p class='ocr_par' dir='ltr' id='par_1_12' title="bbox 285 3888 1386 4041">
     <span class='ocr_line' id='line_1_33' title="bbox 285 3888 1386 3956; baseline 0.01 -23"><span class='ocrx_word' id='word_1_271' title='bbox 285 3889 325 3933; x_wconf 89' lang='lat' dir='ltr'><strong>tus</strong></span> <span class='ocrx_word' id='word_1_272' title='bbox 341 3899 398 3934; x_wconf 85' lang='lat' dir='ltr'><strong>sose</strong></span> <span class='ocrx_word' id='word_1_273' title='bbox 416 3893 498 3937; x_wconf 83' lang='lat' dir='ltr'><strong>tatum</strong></span> <span class='ocrx_word' id='word_1_274' title='bbox 515 3888 671 3950; x_wconf 83' lang='lat' dir='ltr'><strong>reddidisse,</strong></span> <span class='ocrx_word' id='word_1_275' title='bbox 687 3890 812 3941; x_wconf 79' lang='lat' dir='ltr'><strong>assimili</strong></span> <span class='ocrx_word' id='word_1_276' title='bbox 831 3907 912 3956; x_wconf 87' lang='lat' dir='ltr'><strong>eoque</strong></span> <span class='ocrx_word' id='word_1_277' title='bbox 929 3893 1048 3955; x_wconf 60' lang='lat' dir='ltr'><strong>metiore</strong></span> <span class='ocrx_word' id='word_1_278' title='bbox 1065 3907 1125 3943; x_wconf 87' lang='lat' dir='ltr'><strong>casu</strong></span> <span class='ocrx_word' id='word_1_279' title='bbox 1136 3895 1229 3945; x_wconf 87' lang='lat' dir='ltr'><strong>iterum</strong></span> <span class='ocrx_word' id='word_1_280' title='bbox 1241 3901 1386 3944; x_wconf 82' lang='lat' dir='ltr'><strong>vexaretur.</strong></span> 
     </span>
     <span class='ocr_line' id='line_1_34' title="bbox 337 3969 1104 4041; baseline 0.01 -23"><span class='ocrx_word' id='word_1_281' title='bbox 337 3969 363 4028; x_wconf 94' lang='lat' dir='ltr'><strong>l)</strong></span> <span class='ocrx_word' id='word_1_282' title='bbox 381 3969 435 4020; x_wconf 85' lang='lat' dir='ltr'><strong>Gir.</strong></span> <span class='ocrx_word' id='word_1_283' title='bbox 454 3972 590 4038; x_wconf 81' lang='lat' dir='ltr'><strong>2Psrslip.</strong></span> <span class='ocrx_word' id='word_1_284' title='bbox 608 3973 745 4035; x_wconf 83' lang='lat' dir='ltr'><strong>xxxm,</strong></span> <span class='ocrx_word' id='word_1_285' title='bbox 763 3976 808 4038; x_wconf 77' lang='lat'><strong>153</strong></span> <span class='ocrx_word' id='word_1_286' title='bbox 826 3976 918 4041; x_wconf 68' lang='lat' dir='ltr'><strong>soeg.</strong></span> <span class='ocrx_word' id='word_1_287' title='bbox 936 3976 1045 4039; x_wconf 83' lang='lat' dir='ltr'><strong>XXlll,</strong></span> <span class='ocrx_word' id='word_1_288' title='bbox 1065 3980 1104 4027; x_wconf 79' lang='lat'><strong>12.</strong></span> 
     </span>
    </p>
   </div>
   <div class='ocr_carea' id='block_1_12' title="bbox 338 4035 1226 4209">
    <p class='ocr_par' dir='ltr' id='par_1_13' title="bbox 338 4035 1226 4209">
     <span class='ocr_line' id='line_1_35' title="bbox 338 4035 1226 4126; baseline 0.016 -27"><span class='ocrx_word' id='word_1_289' title='bbox 338 4051 365 4112; x_wconf 81' lang='lat' dir='ltr'><strong>a)</strong></span> <span class='ocrx_word' id='word_1_290' title='bbox 383 4053 436 4102; x_wconf 80' lang='lat' dir='ltr'><strong>cs.</strong></span> <span class='ocrx_word' id='word_1_291' title='bbox 453 4055 585 4109; x_wconf 65' lang='lat' dir='ltr'><strong>unsvers.</strong></span> <span class='ocrx_word' id='word_1_292' title='bbox 603 4058 672 4106; x_wconf 76' lang='lat' dir='ltr'><strong>erni.</strong></span> <span class='ocrx_word' id='word_1_293' title='bbox 689 4057 730 4119; x_wconf 92' lang='lat'><strong>11,</strong></span> <span class='ocrx_word' id='word_1_294' title='bbox 748 4071 777 4119; x_wconf 72' lang='lat' dir='ltr'><strong>a,</strong></span> <span class='ocrx_word' id='word_1_295' title='bbox 795 4071 819 4120; x_wconf 75' lang='lat' dir='ltr'><strong>p.</strong></span> <span class='ocrx_word' id='word_1_296' title='bbox 833 4062 891 4112; x_wconf 80' lang='lat' dir='ltr'><strong>aas.</strong></span> <span class='ocrx_word' id='word_1_297' title='bbox 908 4061 1005 4112; x_wconf 67' lang='lat' dir='ltr'><strong>anim</strong></span> <span class='ocrx_word' id='word_1_298' title='bbox 1023 4062 1041 4110; x_wconf 90' lang='lat'><strong>1.</strong></span> <span class='ocrx_word' id='word_1_299' title='bbox 1054 4063 1071 4112; x_wconf 89' lang='lat'><strong>1.</strong></span> <span class='ocrx_word' id='word_1_300' title='bbox 1089 4077 1113 4126; x_wconf 81' lang='lat' dir='ltr'><strong>p.</strong></span> <span class='ocrx_word' id='word_1_301' title='bbox 1127 4061 1187 4113; x_wconf 77' lang='lat' dir='ltr'><strong>sus.</strong></span> <span class='ocrx_word' id='word_1_302' title='bbox 1220 4035 1226 4039; x_wconf 74' lang='grc'><strong>’</strong></span> 
     </span>
     <span class='ocr_line' id='line_1_36' title="bbox 338 4134 1219 4209; baseline 0.012 -25"><span class='ocrx_word' id='word_1_303' title='bbox 338 4134 365 4195; x_wconf 85' lang='lat' dir='ltr'><strong>e)</strong></span> <span class='ocrx_word' id='word_1_304' title='bbox 384 4136 438 4186; x_wconf 82' lang='lat' dir='ltr'><strong>oe.</strong></span> <span class='ocrx_word' id='word_1_305' title='bbox 455 4137 547 4190; x_wconf 71' lang='lat' dir='ltr'><strong>arem.</strong></span> <span class='ocrx_word' id='word_1_306' title='bbox 565 4139 606 4203; x_wconf 89' lang='lat'><strong>11,</strong></span> <span class='ocrx_word' id='word_1_307' title='bbox 625 4143 666 4191; x_wconf 83' lang='lat' dir='ltr'><strong>so.</strong></span> <span class='ocrx_word' id='word_1_308' title='bbox 684 4142 744 4203; x_wconf 87' lang='lat' dir='ltr'><strong>xv,</strong></span> <span class='ocrx_word' id='word_1_309' title='bbox 761 4141 787 4191; x_wconf 85' lang='lat'><strong>4.</strong></span> <span class='ocrx_word' id='word_1_310' title='bbox 806 4142 894 4209; x_wconf 72' lang='lat' dir='ltr'><strong>sasg.</strong></span> <span class='ocrx_word' id='word_1_311' title='bbox 906 4140 1058 4209; x_wconf 78' lang='lat' dir='ltr'><strong>xx111‚&#39;e.</strong></span> <span class='ocrx_word' id='word_1_312' title='bbox 1075 4146 1178 4208; x_wconf 70' lang='lat' dir='ltr'><strong>xxia,</strong></span> <span class='ocrx_word' id='word_1_313' title='bbox 1195 4148 1219 4196; x_wconf 84' lang='lat' dir='ltr'><strong>e.</strong></span> 
     </span>
    </p>
   </div>
   <div class='ocr_carea' id='block_1_13' title="bbox 285 4216 1387 4364">
    <p class='ocr_par' dir='ltr' id='par_1_14' title="bbox 285 4216 1387 4364">
     <span class='ocr_line' id='line_1_37' title="bbox 285 4216 1387 4354; baseline 0.015 -90"><span class='ocrx_word' id='word_1_314' title='bbox 285 4295 310 4346; x_wconf 82' lang='lat' dir='ltr'>K</span> <span class='ocrx_word' id='word_1_315' title='bbox 326 4216 366 4310; x_wconf 58' lang='lat' dir='ltr'><strong>d)</strong></span> <span class='ocrx_word' id='word_1_316' title='bbox 383 4218 520 4354; x_wconf 56' lang='lat' dir='ltr'><strong>Ing2se4aiose</strong></span> <span class='ocrx_word' id='word_1_317' title='bbox 537 4224 603 4276; x_wconf 83' lang='lat' dir='ltr'><strong>hauc</strong></span> <span class='ocrx_word' id='word_1_318' title='bbox 620 4225 818 4279; x_wconf 81' lang='lat' dir='ltr'><strong>vicissitudinem</strong></span> <span class='ocrx_word' id='word_1_319' title='bbox 835 4233 954 4296; x_wconf 82' lang='lat' dir='ltr'><strong>exposuit</strong></span> <span class='ocrx_word' id='word_1_320' title='bbox 972 4231 1083 4282; x_wconf 77' lang='lat' dir='ltr'><strong>Olsrsru</strong></span> <span class='ocrx_word' id='word_1_321' title='bbox 1099 4231 1163 4282; x_wconf 78' lang='lat' dir='ltr'><strong>uber</strong></span> <span class='ocrx_word' id='word_1_322' title='bbox 1180 4231 1230 4281; x_wconf 89' lang='lat' dir='ltr'><strong>den</strong></span> <span class='ocrx_word' id='word_1_323' title='bbox 1248 4246 1299 4294; x_wconf 81' lang='lat' dir='ltr'><strong>syr.</strong></span> <span class='ocrx_word' id='word_1_324' title='bbox 1317 4230 1387 4297; x_wconf 81' lang='lat' dir='ltr'><strong>ephr.</strong></span> 
     </span>
     <span class='ocr_line' id='line_1_38' title="bbox 312 4307 800 4364; baseline 0.012 -4"><span class='ocrx_word' id='word_1_325' title='bbox 312 4313 366 4360; x_wconf 72' lang='lat' dir='ltr'><strong>neg</strong></span> <span class='ocrx_word' id='word_1_326' title='bbox 383 4317 408 4364; x_wconf 80' lang='lat' dir='ltr'><strong>u·</strong></span> <span class='ocrx_word' id='word_1_327' title='bbox 457 4341 462 4354; x_wconf 86' lang='lat'><em>·</em></span> <span class='ocrx_word' id='word_1_328' title='bbox 798 4307 800 4312; x_wconf 81' lang='grc'>’</span> 
     </span>
    </p>
   </div>
   <div class='ocr_carea' id='block_1_14' title="bbox 0 0 1576 4988">
    <p class='ocr_par' dir='ltr' id='par_1_15' title="bbox 0 0 1576 4988">
     <span class='ocr_line' id='line_1_39' title="bbox 0 0 1576 4988; baseline 0 0"><span class='ocrx_word' id='word_1_329' title='bbox 0 0 1576 4988; x_wconf 95' lang='lat' dir='ltr'><strong> </strong></span> 
     </span>
    </p>
   </div>
  </div>
 </body>
</html>
