3122 5002
326 247 394 316 128
716 247 788 308 One.
803 249 863 321 llI,
881 265 910 308 v.
928 253 1039 306 14-19.

322 455 387 495 cam
410 433 614 494 imitationem.
632 467 667 476 —
690 427 752 498 obn
776 431 827 492 Ni.
851 433 982 510 graviter
1006 441 1178 508 aegrotare,
1200 433 1254 490 cfr.
1278 431 1352 491 Ies.
1375 433 1481 505 XII,

324 541 365 594 13.
383 536 491 607 XVII,
511 540 542 606 1;
565 534 645 592 Dan.
663 534 754 607 VIII,
773 539 824 606 273
849 532 991 592 Ganvrus
1014 551 1169 610 perperam
1192 534 1300 592 vertit:
1330 534 1478 609 depra-

322 645 425 696 vatum
449 643 495 694 est
517 634 713 710 negligentia,
737 643 768 693 et
785 633 1012 695 Scanononaus
1035 633 1159 692 nimium
1180 641 1270 692 tenax
1300 635 1473 694 notionis

322 738 437 795 formae
453 735 530 794 Kal:
547 735 651 793 attrita
668 737 769 794 estad
787 753 858 794 ossa
875 753 977 811 usque.
1008 732 1104 811 Syrus
1120 735 1286 810 iuterpreS,
1309 735 1375 810 qui
1399 754 1468 794 ex-

321 839 404 897 hibet
426 830 577 896 ,alm->0
596 825 750 906 nullm
768 836 907 912 apposite
923 835 1040 894 titulum
1057 835 1149 894 totius
1166 835 1303 894 vaticinii
1322 835 1362 892 in
1384 855 1464 894 me-

321 938 446 996 moriam
464 935 624 1013 legentium
640 945 777 1009 revocat,
795 951 875 1001 oanan
902 943 988 1011 ulau,
1009 953 1097 1011 quem
1115 935 1219 994 eodem
1234 935 1286 994 ille
1307 955 1461 1011 expres-

323 1039 362 1098 sit
379 1039 471 1097 verbo
478 1059 487 1110 3
509 1038 563 1095 cfr.
580 1036 668 1110 adl,
688 1042 712 1096 1.
736 1071 772 1080 -
798 1035 915 1096 Suffixa
936 1054 1044 1096 masec.
1067 1035 1188 1112 plagam
1211 1044 1241 1094 et
1263 1035 1456 1096 fracturam

270 1144 273 1149 '
322 1139 385 1215 regi
403 1139 522 1216 quidem
539 1137 679 1195 inflictam
697 1155 762 1196 esso
778 1136 953 1213 indigitant,
977 1135 1042 1212 regi
1068 1145 1166 1194 autem
1192 1155 1253 1194 non
1282 1145 1453 1212 tanquam

324 1239 436 1298 homini
452 1238 569 1315 singulo
586 1245 710 1313 propter
727 1257 782 1296 sua
798 1236 913 1313 flagitia
929 1236 1106 1296 destinatam
1122 1234 1356 1310 (Uuauamuffl
1385 1258 1452 1310 „er

324 1340 418 1398 selbst
435 1340 523 1398 stirbt
540 1338 608 1410 hin,
633 1339 708 1396 ohne
725 1337 895 1414 Linderung
921 1337 974 1394 der
990 1335 1181 1409 Schmerzen,
1205 1356 1245 1394 an
1268 1338 1450 1396 tddtlicher

323 1439 587 1516 Verwundung“),
606 1437 658 1496 sed
676 1457 711 1496 eo
729 1439 863 1510 nomine,
882 1456 941 1515 quo
966 1445 1061 1497 totum
1085 1455 1208 1513 regnum
1232 1437 1340 1524 unius!
1353 1440 1446 1516 regis

322 1559 450 1616 persona
467 1539 710 1614 comprehensum
727 1539 875 1616 cogitatur
891 1537 1025 1617 (H1nz.);
1038 1537 1069 1596 id
1083 1537 1164 1614 quod
1177 1545 1238 1596 tam
1252 1558 1268 1596 e
1280 1557 1373 1616 seqq.
1385 1559 1441 1598 vv.

323 1637 364 1719 (Η
386 1639 417 1701 'v
437 1636 540 1720 nanu),
565 1659 654 1716 quam
672 1659 688 1697 e
705 1640 821 1698 collatIs
838 1659 886 1697 vv.
904 1638 934 1712 I,
954 1644 987 1696 14
1011 1646 1144 1714 apparet.
1162 1673 1199 1681 -
1219 1637 1363 1697 Ceterum
1380 1660 1441 1698 no·

323 1739 446 1798 tandum
469 1749 515 1798 est
531 1739 681 1816 egregium
698 1739 919 1810 documentum,
942 1719 1029 1816 quod·
1044 1757 1083 1798 ex
1108 1738 1156 1798 his
1180 1739 1280 1798 verbis
1305 1741 1348 1798 ad
1366 1759 1439 1799 eam

322 1847 500 1916 potestatem
516 1840 600 1898 verbi
627 1855 700 1898 nmo
717 1841 879 1913 redundat,
898 1859 987 1916 quam
1004 1857 1061 1898 nos
1078 1838 1117 1898 ad
1129 1858 1154 1898 c.
1166 1838 1199 1911 I,
1215 1843 1227 1896 l
1242 1839 1437 1900 demonstra-

322 1941 427 1999 vimus.
445 1940 497 1997 cfr.
516 1959 545 2016 p,
558 1946 583 1998 6.
607 1973 642 1984 -
670 1938 830 2016 Copiosius
847 1940 970 1998 eandem
992 1939 1168 1998 sententiam
1191 1939 1269 1998 dixit
1284 1941 1435 2002 Ieremias

322 2040 379 2112 LI,
398 2059 426 2097 v.
437 2043 462 2097 8.
482 2044 507 2098 9.
533 2038 660 2112 „Subito
684 2040 811 2098 concidit
827 2039 922 2098 Babel
945 2050 975 2098 et
996 2040 1092 2098 fracta
1113 2048 1175 2112 est;
1199 2040 1312 2099 ululate
1338 2061 1433 2117 super

323 2158 405 2212 eam,
430 2139 536 2198 sumite
554 2147 703 2216 unguenta
719 2158 774 2215 pro
793 2139 896 2198 dolore
913 2141 994 2214 eius,
1018 2140 1045 2199 si
1061 2141 1139 2198 lorte
1156 2141 1308 2200 medeatur
1326 2142 1372 2200 eil
1389 2177 1428 2186 -

323 2275 358 2284 -
378 2239 524 2300 Ouramus
541 2241 683 2300 Babelem
700 2259 755 2298 nee
772 2249 894 2300 sanatur
917 2275 953 2284 -
979 2240 1172 2300 destituemus
1197 2261 1262 2298 eam
1285 2253 1316 2301 et
1337 2244 1428 2302 abea-

322 2361 388 2401 mus
411 2341 450 2399 ad
473 2360 557 2400 suam
574 2342 700 2419 quisque
722 2350 847 2413 terram3
870 2361 938 2400 nam
961 2341 1056 2416 tangit
1078 2341 1177 2400 coelos
1197 2341 1338 2402 iudicium
1361 2345 1425 2404 eius

323 2450 353 2500 et
368 2441 478 2499 elatum
495 2449 650 2520 estusque
667 2441 706 2500 ad
723 2443 857 2502 nubesl“

372 2543 437 2601 Iam
454 2542 526 2620 quia
548 2552 631 2601 tauta
655 2551 701 2602 est
716 2541 912 2620 Assyriorum
935 2543 1104 2616 calamitas,
1128 2550 1162 2602 ut
1185 2542 1331 2618 respirare
1352 2543 1421 2602 inde

321 2662 473 2719 nunquam
497 2643 633 2716 valeant,
658 2643 721 2701 iure
743 2643 917 2718 plaudentes
938 2644 1143 2720 laetantesque
1172 2650 1275 2720 gentes
1301 2663 1417 2718 praesa-

321 2745 420 2820 giente
436 2741 535 2800 animo
553 2743 635 2802 audit
651 2751 751 2815 vates,
776 2763 853 2820 quae
875 2745 913 2802 ab
937 2744 1007 2820 iugo
1031 2745 1169 2803 diuturno
1195 2752 1225 2802 et
1249 2745 1416 2804 exsecrabili

322 2839 494 2902 crudelitate
511 2843 629 2901 tandem
642 2851 711 2902 sunt
722 2842 875 2902 liberatae.
901 2843 1003 2902 Omnes
1016 2849 1065 2920 qui
1083 2845 1205 2902 audiunt
1213 2847 1323 2918 somam
1340 2853 1415 2902 mum

323 2963 347 3003 s
364 2942 561 3017 auditionem,
583 2942 695 3001 excidii
711 2943 849 3002 nimirum
866 2943 910 3002 tui
927 2953 1016 3023 atque
1032 2943 1186 3018 interitus,
1212 2944 1263 3021 (de
1280 2945 1414 3004 eiusmodi

323 3043 445 3131 genitivi
463 3043 600 3104 obieolivi
617 3044 733 3103 ratione
749 3045 803 3104 cfr.
821 3045 1008 3104 Dnmrzscu.
1026 3047 1065 3105 ad
1082 3044 1236 3118 Hab.111,
1254 3049 1286 3119 2,
1304 3047 1351 3104 ubi
1367 3065 1412 3104 ea-

323 3145 389 3203 dem
407 3145 544 3220 leguntur
560 3146 666 3223 verba)
679 3147 822 3220 plaudunt
836 3165 923 3204 muna
940 3165 964 3206 s.
982 3147 1052 3206 vola
1068 3148 1178 3222 (aecus.
1188 3145 1344 3226 instrum),
1360 3145 1410 3205 cfr.

323 3246 375 3304 Ps.
398 3245 530 3318 XLVII,
554 3251 580 3304 2.
605 3246 672 3304 coll.
695 3246 747 3304 Ps.
765 3245 915 3319 XCVIII,
933 3251 964 3320 83
995 3248 1051 3308 Ies.
1070 3247 1134 3320 LV,
1153 3251 1185 3319 23
1208 3265 1268 3305 non
1291 3246 1410 3323 stuporis

323 3345 499 3421 (Hauon),
517 3347 569 3405 sed
585 3345 716 3404 laetitiae
733 3355 763 3404 et
779 3346 879 3423 gaudii
895 3355 1013 3424 gestus,
1031 3345 1199 3408 Cromnos:
1219 3338 1408 3429 χαρήσονται

325 3441 383 3504 καὶ
412 3435 623 3526 κροτήσουσι.
649 3446 740 3504 Haud
757 3464 841 3506 secus
857 3448 924 3506 aliis
940 3447 1031 3521 locis,
1050 3449 1198 3524 descripta
1213 3448 1406 3522 internecione,

322 3545 508 3604 inimicorum
525 3546 596 3604 olim
613 3545 798 3606 subditorum
814 3548 963 3606 adduntur
977 3548 1121 3622 ludibria,
1140 3550 1192 3608 cfr.
1210 3550 1266 3607 ler.
1279 3549 1405 3622 XLVIII,

325 3650 368 3704 20.
386 3645 445 3719 LI,
463 3650 479 3704 8
496 3645 562 3717 all.;
587 3647 833 3723 quemadmodum
849 3647 1017 3723 Zephania,
1044 3649 1096 3725 qui
1119 3657 1253 3708 extrema
1269 3650 1343 3708 verbi
1367 3649 1406 3708 di-

324 3745 388 3804 vini
410 3754 514 3804 contra
530 3747 675 3823 Assyrios
691 3746 810 3822 fulgura
826 3749 929 3823 paucis
952 3758 1020 3808 ante
1042 3769 1174 3810 eversam
1192 3750 1301 3808 Ninum
1322 3749 1406 3810 emisit

324 3845 427 3918 annis,
457 3846 577 3904 brevem
599 3855 628 3904 et
654 3846 830 3906 succinctam
855 3849 1113 3908 comminationem
1135 3851 1182 3919 Il,
1209 3853 1309 3908 13-15
1328 3851 1404 3910 hacce

324 3947 434 4005 claudit
449 3965 535 4005 voce:
555 3929 660 4019 „Haeo
677 3955 723 4006 est
739 3949 810 4007 urbs
826 3949 880 4008 illa
896 3950 1066 4023 exsultans,
1083 3952 1223 4011 habitans
1243 3969 1350 4024 secure,
1365 3952 1402 4008 di·

324 4066 393 4106 cens
410 4047 440 4106 in
459 4048 547 4106 corde
564 4067 633 4108 suo:
652 4065 707 4124 ego
722 4055 751 4106 et
761 4049 892 4110 delectus
904 4050 962 4108 mei
972 4051 1113 4128 ampliusl
1132 4051 1289 4126 Quomodo
1300 4051 1401 4111 redacta

323 4157 369 4206 est
385 4148 415 4204 in
432 4148 617 4222 vastitatem,
635 4149 730 4208 cubile
748 4150 868 4211 bestiis!
886 4152 982 4211 omnis
1000 4153 1051 4230 qui
1068 4152 1238 4212 transiverit
1254 4172 1326 4224 eam,
1342 4151 1400 4212 sibi·

323 4247 412 4321 labit,
431 4249 556 4325 agitabit
571 4269 688 4310 manum
707 4253 833 4309 suaml“
