3124 4988
278 305 351 346 mnv
393 285 396 289 ’
625 291 872 349 Pnousoousrm.
899 289 972 349 Car.
985 290 1026 348 ll.

280 471 399 529 omuino
417 470 569 544 convenit,
587 481 631 545 et,
655 473 748 530 donec
765 472 940 531 certioribus
953 473 1167 548 'comprobetur
1184 474 1378 548 documentis,

280 570 472 629 dubitandum
489 571 553 629 erit.

330 669 488 747 Utcunque
503 681 565 744 est,
589 691 625 729 ea
642 680 720 730 certe
736 672 929 748 Assyriarum
946 687 1043 730 rerum
1062 673 1192 732 conditio
1210 676 1379 733 Assarhad·

281 771 358 829 done
373 779 516 847 regnante
531 771 622 830 fuisse
639 772 772 846 putanda
788 781 843 844 est,
857 781 889 830 ut
905 791 966 830 non
983 773 1079 831 solum
1098 775 1249 832 tremenda
1262 775 1379 834 ludaeis

283 879 375 942 esset,
399 890 501 929 verum
524 870 613 930 etiam
629 871 746 948 integra
763 871 909 948 appellari
925 883 1029 947 posset
1039 872 1057 928 ¹.
1082 876 1125 930 At
1141 893 1212 931 vero
1230 875 1378 932 restitutio

282 971 425 1046 pristinae
440 971 597 1046 potestatis
614 990 673 1030 non
687 971 784 1030 solum
794 990 899 1029 manca
911 980 976 1030 erat
987 972 1065 1048 ipsa,
1079 992 1146 1030 cum
1159 993 1179 1030 a
1193 974 1289 1032 Medis
1303 993 1378 1033 sem·

283 1090 336 1146 per
359 1070 521 1129 cavendum
543 1081 635 1144 esset,
664 1091 766 1129 verum
788 1072 877 1130 etiam
899 1071 991 1129 robur
1013 1073 1208 1149 Assyriorum
1238 1082 1268 1132 et
1297 1075 1380 1132 nervi

283 1171 386 1228 ultimo
409 1171 475 1228 loco
499 1171 607 1229 intensi
622 1171 715 1231 fuisse
729 1171 881 1243 videntur,
905 1180 1064 1248 antequam
1087 1183 1266 1232 corruerent.
1300 1173 1380 1232 Nam

283 1271 335 1348 qui
359 1271 618 1330 Assarbaddonem
641 1271 792 1347 regnando
815 1279 993 1347 exceperunt
1016 1274 1053 1332 ab
1079 1292 1106 1330 a.
1125 1291 1150 1330 c.
1173 1278 1239 1346 668,
1266 1275 1320 1333 sub
1343 1275 1380 1334 iis

283 1389 399 1430 cessare
409 1372 479 1454 ,situ
496 1370 594 1446 coepit
609 1371 779 1446 imperium,
809 1370 917 1444 donec,
946 1373 1078 1432 moribus
1106 1374 1202 1449 magis
1227 1375 1380 1451 magisque

283 1471 453 1545 depravatis
474 1471 646 1547 viribusque
669 1471 837 1543 exhaustis,
862 1472 1025 1531 coniunctis
1042 1473 1196 1532 Medorum
1213 1483 1303 1550 alque
1320 1475 1380 1532 Ba-

282 1569 471 1646 byloniorum
494 1571 588 1646 copiis
610 1573 840 1629 succumberent.
863 1571 975 1630 Earum
1000 1581 1097 1634 autem
1120 1593 1217 1632 rerum
1239 1575 1380 1633 memoria

281 1670 320 1728 ad
344 1683 480 1729 eventum
504 1671 633 1729 vaticinii
654 1671 796 1749 pertinet,
827 1679 917 1750 atque
944 1673 1019 1734 adeo
1050 1673 1152 1748 paullo
1178 1683 1249 1750 post
1276 1675 1379 1751 paucis

281 1771 336 1829 erit
353 1771 554 1830 describenda.

279 1925 479 1942 -ὰ-ι--η

280 2031 397 2079 Misraim
413 2030 465 2079 and
483 2030 581 2092 Cush,“
601 2029 907 2090 cfr.Athen.1853,No.
921 2031 985 2081 1321
1005 2048 1030 2095 p.
1044 2034 1093 2082 228
1111 2032 1267 2096 (rebr.1e);
1285 2050 1380 2095 rerum,

280 2114 340 2161 lieet
361 2113 486 2162 eclectio
504 2115 698 2177 comprobetur,
720 2115 808 2162 nescio
831 2120 918 2162 temen
941 2129 973 2164 an
997 2129 1044 2163 rex
1065 2117 1171 2166 nimium
1195 2118 1244 2167 sibi
1261 2119 1380 2168 iactando

279 2212 412 2260 arrogasse
430 2196 557 2261 putandus
576 2199 623 2260 sit,
646 2213 702 2246 curu
724 2197 792 2247 forte
817 2197 930 2260 aliquam
951 2197 983 2246 de
1001 2201 1137 2265 Aegyptiis
1154 2203 1287 2252 victoriam
1311 2217 1380 2252 asse-

279 2287 351 2330 cutus
362 2281 460 2330 fuisset.
495 2280 630 2344 Utcunque
641 2288 693 2342 est,
710 2281 859 2331 Thebarum
872 2284 1027 2345 expugnatio
1040 2284 1201 2334 nullomodo
1213 2285 1273 2334 ideo
1285 2287 1380 2336 Assar·

279 2365 394 2417 baddoni
411 2366 489 2416 tribui
505 2371 598 2430 potest.
617 2366 662 2415 cfr.
680 2367 749 2416 inira
765 2381 789 2429 p.
804 2367 861 2414 100.

330 2449 355 2510 1)
372 2449 425 2500 Gir.
441 2449 511 2500 Nah.
528 2449 556 2510 I,
576 2451 616 2498 12.
638 2448 680 2510 Π,
698 2450 739 2499 12.
758 2451 798 2498 la
821 2449 876 2509 Ill,
895 2449 1013 2499 lb-ll.
1036 2451 1093 2500 coll.
1111 2465 1170 2516 pag.
1184 2453 1250 2503 XVI
1263 2469 1296 2520 ss.
1316 2455 1377 2520 ¹Se·

278 2533 388 2584 cundum
410 2540 632 2583 monumentorum
654 2534 750 2582 iudicia
770 2532 859 2582 mna.
882 2547 969 2598 regem
994 2549 1095 2584 omnem
1117 2542 1244 2587 terrarum
1269 2544 1378 2586 tractum

277 2620 344 2670 inter
370 2619 455 2668 sinum
475 2617 606 2667 Persicum
630 2623 656 2666 et
683 2631 754 2667 mare
776 2616 898 2680 Caspium
926 2626 952 2667 et
972 2617 1192 2671 Mediterraneum
1217 2623 1399 2678 interiectum„

276 2705 388 2754 tenuisse
405 2707 543 2752 asseverat.
567 2702 687 2752 Getarum
704 2702 837 2750 nonsatis
854 2702 949 2751 multas
967 2703 1050 2754 adbuc
1066 2705 1244 2770 inscriptiones
1261 2712 1377 2770 repertae
1398 2735 1403 2745 ·

277 2793 351 2846 sunt,
375 2800 441 2848 quae
458 2785 491 2834 de
508 2786 585 2835 rebus
607 2787 639 2836 ab
662 2800 694 2834 ee
716 2786 796 2848 gestis
818 2791 911 2849 agaut,
933 2787 1007 2836 sicuti
1029 2787 1062 2836 de
1078 2788 1200 2840 Manasse
1217 2789 1377 2853 Babylonem

277 2869 387 2919 abducto
405 2866 469 2916 nibil
487 2869 614 2929 hucusque
632 2870 763 2918 inventum
781 2875 827 2918 est.
862 2868 907 2917 Ad
929 2869 1043 2920 indolem
1065 2879 1151 2922 autem
1168 2873 1376 2923 Assarhaddonis

277 2950 481 3018 perspiciendam
496 2953 576 3001 refert
593 2950 662 3012 quod
677 2952 775 3015 palatia
791 2958 893 3002 vetusta
903 2952 1087 3004 Nimrudensia
1103 2956 1242 3018 destruxit,
1259 2964 1286 3006 et
1303 2957 1376 3006 tabu-

277 3038 310 3086 lis
333 3036 474 3098 statuisque
496 3035 556 3084 inda
579 3035 665 3098 petitis
687 3050 748 3086 usus
771 3042 811 3089 est
833 3037 867 3086 ad
890 3037 1067 3088 exornandam
1088 3040 1199 3104 regiam,
1222 3053 1297 3102 quam
1321 3042 1376 3104 ipse

277 3119 403 3172 Nimrnde
419 3117 554 3170 meridiem
571 3125 598 3168 et
614 3119 772 3172 occidentem
789 3135 876 3174 versus
888 3120 1038 3174 aedificarit.
1056 3123 1101 3174 cir.
1113 3121 1375 3188 Rawu.0utl.pll1·.
