3126 5000
255 345 338 386 txxx
588 326 831 384 Pronnoonann.
859 323 931 383 Otr.
950 323 1003 380 lll.

306 508 474 585 Sequuntur
490 510 606 586 aliquot
622 509 768 567 decenniis
786 508 945 566 interiectis
962 506 1049 565 trium
1068 525 1116 564 vv.
1135 506 1183 563 dd.
1203 507 1356 581 opuscula,

257 610 306 687 qui
324 611 435 684 pressis
453 607 658 670 Sonunrnnsn
680 619 709 667 et
727 607 928 668 Sennonnnnr
944 607 1076 682 vestigiis
1093 607 1286 665 hebraearum
1304 627 1357 665 vo-

256 729 321 768 cum
340 709 569 785 significationes
587 710 623 768 ad
642 710 792 768 arabicam
809 721 942 766 normam
961 709 1133 783 exigebant:

306 812 343 869 Ε.
357 810 380 867 Ι.
396 809 507 868 Gnuvn
526 811 630 869 vaticc.
644 809 723 868 Nah.
742 819 771 867 et
784 809 915 881 Habac.;
933 808 1204 883 interpretationem
1223 816 1252 864 et
1268 815 1357 866 notas

357 911 471 969 adiecit.
497 909 600 968 Editio
617 911 746 968 metrica.
774 909 939 968 Amstelod.
959 913 1039 980 1793,
1057 914 1091 980 43

256 1030 332 1088 qnae
349 1030 438 1086 quarn
457 1010 496 1069 sit
512 1010 667 1069 arbitraris
681 1020 710 1068 et
720 1010 907 1086 singulariter
919 1009 1066 1081 instituta,
1078 1027 1168 1084 snpra
1181 1009 1356 1084 perstrinxi-

255 1129 330 1169 mus.
350 1110 473 1170 Cautius
491 1111 563 1188 egit,
583 1120 612 1168 et
628 1110 701 1169 vitia
717 1111 797 1169 illius
808 1111 932 1170 rationis
945 1109 1040 1185 magis
1057 1109 1197 1181 evitavit,
1216 1107 1356 1168 Sounou-

256 1219 379 1269 namet
394 1211 548 1270 Pansnvn
565 1220 652 1270 notas
669 1210 783 1269 addidit
1091 1279 1094 1286 ,
1188 1283 1190 1288 Α

306 1312 362 1368 Idv.
381 1311 550 1383 Kanunnn,
569 1311 699 1370 Nahumi
717 1311 803 1370 vatic.
823 1312 1001 1388 philologiae
1018 1320 1047 1368 et
1067 1311 1166 1369 critice
1182 1311 1351 1385 expositum
1444 1299 1447 1304 ’

358 1419 394 1468 ct.
423 1410 599 1470 Hardervici
618 1416 698 1484 1808,
716 1418 740 1469 4.

257 1512 409 1589 Denique,
429 1513 499 1588 qnid
517 1513 637 1571 assidua
653 1512 800 1570 interdum
818 1513 928 1570 arabici
946 1511 1090 1570 sermonis
1108 1513 1290 1587 comparatio
1305 1533 1355 1572 va-

257 1614 332 1684 leat,
350 1612 382 1669 in
400 1613 582 1687 explicandis
600 1613 749 1672 nonnullis
766 1613 854 1688 primi
872 1612 977 1688 capitis
994 1611 1067 1670 locis
1085 1613 1178 1687 probe
1196 1614 1325 1673 ostendit

308 1711 365 1772 On.
384 1713 423 1770 M.
442 1713 623 1772 annnnrus
646 1715 679 1789 (†
694 1714 773 1789 1859)
797 1732 932 1772 curarum
956 1713 1299 1787 exegetico-criticarum
1325 1716 1355 1772 in

357 1812 528 1871 Nabnmum
544 1815 720 1890 prophetam
737 1814 898 1889 specimen,
917 1813 1075 1872 Rostockii
1094 1817 1167 1871 1806.

309 1914 405 1971 Porro
423 1915 685 1972 luculentissimum
703 1915 765 1973 eius
782 1912 1035 1988 interpretationis
1052 1915 1234 1989 exemplum,
1259 1916 1355 1991 qualis

259 2021 385 2072 excunte
403 2033 426 2072 s.
445 2014 585 2072 xv111¹¹⁰
604 2023 632 2072 et
656 2023 759 2073 nostro
783 2014 940 2089 incipiente
956 2013 1070 2071 institui
1093 2014 1221 2087 solebat,
1246 2017 1356 2092 qnippe
1410 2029 1433 2052 -“

258 2133 334 2189 quae
345 2113 455 2172 omissa
466 2115 639 2189 prophetica
650 2114 854 2172 vaticiniorum
873 2113 971 2172 indole
994 2112 1129 2188 politicae
1146 2117 1292 2174 venustati
1311 2117 1355 2174 in-

258 2214 447 2290 vestigandae
460 2214 615 2289 plurimam
626 2215 709 2272 daret
719 2233 849 2290 operam,
864 2214 1022 2290 eiusigitur
1030 2216 1198 2291 exemplum
1206 2217 1355 2276 afferimus

301 2313 343 2394 ,C-
361 2314 409 2372 W.
427 2315 511 2374 lusm
528 2315 648 2374 Nahum
672 2335 728 2373 neu
745 2316 894 2372 iibersetzt
916 2316 976 2373 und
999 2314 1153 2388 erldutert,
1177 2316 1260 2392 Lips.
1279 2321 1354 2389 1890,

360 2419 407 2486 19,
426 2435 485 2492 qno
505 2417 595 2488 adde,
614 2417 694 2492 quod
711 2416 812 2491 paullo
831 2425 918 2474 antea
935 2416 1054 2490 prodiit,

308 2514 348 2572 H.
367 2516 594 2575 Mronntnonrr
611 2517 731 2576 Nahum
749 2536 802 2575 aus
820 2517 886 2574 dem
899 2516 1101 2575 Hebrdischen
1120 2518 1285 2590 iibersetzt,
1304 2519 1358 2576 mit

357 2616 490 2676 Vorrede
506 2618 565 2674 und
584 2619 815 2691 Anmerlrungen
833 2635 892 2674 von
910 2615 1061 2675 GURLITT.
1092 2617 1202 2676 Hamb.
1220 2622 1357 2690 1808.19;

260 2735 390 2776 necnon
408 2718 559 2776 versiones
578 2717 708 2776 vaticinii
727 2717 820 2775 editas
838 2737 856 2774 a
874 2715 1018 2775 Gntnnro
1034 2721 1113 2789 1790,
1133 2707 1269 2777 Wnntro
1283 2723 1358 2791 1790,

259 2816 452 2875 Nnunnnnro
472 2821 545 2874 1808.
840 2797 846 2804 ’

263 2961 266 2970 .
309 2915 386 2974 Turn
404 2935 475 2974 vero
492 2925 688 2993 posteaquam
706 2919 898 2993 gravissimas
922 2919 1054 2995 priorum
1078 2919 1270 2996 interpretum
1294 2939 1359 2978 sen*

260 3017 367 3076 tentias
385 3016 503 3094 collegit
512 3017 652 3076 Rossnn.
670 3017 805 3093 (Scholia
816 3019 959 3096 tntu),
978 3019 1123 3096 ampliore
1140 3021 1278 3096 deinceps
1294 3021 1359 3079 luce

258 3115 390 3176 Nahumi
409 3137 527 3196 quoque
544 3120 695 3178 oraculum
713 3121 916 3179 collustratum
939 3128 985 3178 est
1001 3121 1196 3179 Runounnrn
1214 3122 1357 3194 versione,

259 3227 288 3276 et
305 3219 522 3277 commentariis
540 3219 613 3280 satis
631 3221 814 3296 pervulgatis
832 3220 906 3292 illis,
933 3239 1008 3296 quos
1032 3222 1068 3278 de
1086 3222 1149 3278 XII
1167 3223 1273 3298 proph.
1287 3223 1357 3279 min.
1408 3243 1411 3250 Δ

259 3318 414 3376 ediderunt
432 3319 553 3380 Hrrzm.
577 3324 641 3378 1838
655 3329 684 3380 et
697 3324 746 3392 59,
769 3320 1039 3393 Hnssntsnnerns,
1053 3322 1199 3393 Eurum,
1214 3323 1357 3380 Mannum

260 3422 342 3490 1840,
354 3417 508 3477 Unannrr.
522 3424 603 3491 18443
622 3419 817 3480 Sonmnnnnr
835 3429 923 3478 notae
940 3420 983 3496 (d.
996 3421 1065 3479 heil.
1080 3420 1191 3480 Schrift
1204 3423 1248 3480 ed.
1264 3421 1302 3480 Ο.
1317 3403 1368 3479 nn

259 3516 427 3591 Grinnes,
446 3520 505 3577 vol.
519 3520 556 3592 V,
571 3521 603 3596 a)
621 3540 687 3580 cum
704 3520 867 3592 ederentur,
885 3520 1017 3578 maxima
1034 3521 1144 3579 dudum
1158 3523 1360 3580 commentarii

260 3619 354 3678 nostri
372 3637 442 3694 pars
461 3621 541 3694 typis
560 3639 703 3694 expressa
721 3630 793 3678 erat.
819 3620 932 3679 Ultimo
943 3621 1011 3679 loco
1026 3624 1297 3682 commemorandus
1316 3631 1361 3681 est

309 3721 348 3776 A.
368 3717 406 3776 G.
424 3717 675 3793 Honnnnlruvus,
704 3719 835 3777 Nahumi
859 3721 1010 3779 oraculum
1042 3742 1080 3780 ex
1111 3724 1296 3800 praefatione
1323 3724 1360 3781 de

361 3826 500 3876 externae
517 3824 642 3894 poeseos
658 3821 690 3878 iu
707 3818 895 3878 vernaculam
914 3823 1128 3882 convertendae
1140 3825 1256 3882 ratione
1268 3824 1359 3882 versi-

360 3919 415 3978 bus
432 3918 606 3993 germanicis
629 3908 895 3996 ὁμοιοτελεύτοις
916 3929 945 3978 et
970 3915 1116 3996 σχολίοις
1138 3923 1298 3983 illustravit
1321 3933 1358 3981 ot.

358 4018 439 4095 Lips.
458 4021 532 4076 1849.
550 4022 576 4076 8.

311 4118 395 4192 Quae
412 4120 623 4194 prophetarum
641 4119 780 4177 vaticinia
797 4121 930 4178 vertendi
947 4124 1024 4181 ratio
1048 4143 1118 4182 num
1140 4122 1275 4183 videatur
1296 4124 1359 4181 ido-

260 4237 316 4277 nea
333 4237 412 4290 csse,
437 4237 497 4276 non
516 4220 729 4295 disceptamus3
754 4219 876 4279 adiectis
894 4223 1135 4292 annotationibus
1160 4223 1291 4283 Nahumi
1308 4243 1360 4282 ex·

259 4310 380 4393 plicatio
398 4319 498 4379 multis
515 4319 588 4380 locis
606 4319 785 4394 amplificata
801 4329 855 4378 est.

653 4437 960 4512 --Aee—
