3124 4988
530 279 555 354 ᾧ.
574 280 599 336 5.
628 277 676 334 Da
695 293 791 336 nuens
808 279 1017 338 Assrnrouun.
1286 299 1324 340 nv

225 471 289 522 otus
306 471 364 534 eet,
389 461 521 536 Aegypti
544 477 661 518 earnem
679 467 708 518 et
724 457 800 518 ollas
817 458 1025 517 desiderabant
1041 459 1072 518 in
1099 461 1231 536 deserto,
1257 483 1323 540 spe·

225 563 306 622 ciosa
319 561 535 638 Aegyptiorum
547 559 731 617 irritamenta
745 566 774 616 et
786 557 906 616 foedera
920 558 1025 617 dolosa
1036 559 1105 634 plus
1124 581 1213 638 quam
1232 566 1323 624 semel

222 661 380 738 perniciem
397 661 434 720 iis
451 667 631 736 paraverunt
642 659 663 730 ¹3
683 666 786 718 contra
803 659 841 716 ab
855 658 990 734 Assyriis
1009 660 1144 734 superbis
1157 661 1216 721 illis
1231 671 1323 739 atque

222 748 369 820 ferocibus
391 778 450 818 uon
474 769 534 818 tam
557 759 771 818 seducebantur
801 766 891 835 atque
921 760 1200 834 corrumpebantur,
1233 781 1323 840 quam

223 879 372 919 armorum
396 860 426 918 vi
449 869 478 917 et
498 859 613 918 insidiis
635 858 892 934 opprimebantur,
921 859 1161 934 conterebantur,
1194 861 1320 936 pedibus

223 957 495 1019 conculcabantnr².
521 959 603 1034 Ergo
621 957 750 1016 indolem
766 957 882 1033 imperii
895 957 1015 1033 Assyrii
1031 959 1185 1034 praeclare
1200 980 1321 1038 expres·
1396 1023 1398 1026 ,

223 1061 262 1120 sit
279 1059 391 1131 Micha,
415 1077 480 1117 cum
498 1057 654 1135 Assyriam
678 1057 842 1134 appellaret
867 1063 997 1132 „terram
1022 1055 1182 1117 Nimrodi“
1208 1061 1260 1138 (V,
1278 1064 1319 1140 4),

224 1159 315 1218 trucis
339 1159 489 1218 venatoris
510 1157 590 1216 illius
617 1176 716 1216 coram
739 1157 885 1230 Domino,
914 1157 1024 1236 quippe
1048 1157 1100 1234 qui
1122 1160 1236 1235 primus
1258 1180 1321 1220 non

221 1259 331 1318 bestias
355 1258 468 1331 solum,
493 1277 594 1316 verum
617 1257 749 1316 homines
773 1264 935 1334 gentesque
958 1257 1092 1316 venando
1117 1261 1321 1336 superaverit³

220 1366 310 1436 atque
327 1358 456 1416 omniurn
473 1366 665 1434 tyrannorum
688 1357 850 1432 perfectum
866 1357 896 1413 in
915 1375 947 1416 se
964 1357 1089 1434 gesserit
1107 1366 1211 1435 typum
1228 1369 1319 1439 atque

220 1458 385 1534 imaginem.
413 1456 463 1516 Sic
471 1457 665 1534 Assyriorum
680 1476 799 1534 quoque
812 1456 974 1516 dominatio
988 1457 1118 1516 maxime
1135 1459 1225 1536 digna
1237 1462 1319 1520 vide·

219 1559 315 1630 batur,
335 1577 411 1634 quae
428 1557 520 1616 totius
537 1557 627 1616 seculi
645 1576 698 1632 per
715 1575 816 1615 omnes
834 1566 946 1617 aetates
959 1553 1025 1615 Deo
1044 1557 1230 1620 adversantis
1247 1561 1318 1620 vici-

219 1660 274 1718 bus
291 1655 487 1732 fungeretur⁴.

269 1758 333 1816 Iam
351 1775 436 1828 vero,
461 1755 601 1832 quoniam
618 1754 737 1814 uberius
755 1755 969 1831 explicavimus
992 1774 1056 1812 earn
1074 1755 1263 1832 dIgnitatem,
1286 1761 1317 1818 in

219 1876 280 1934 qua
295 1874 417 1932 regnum
431 1855 588 1932 Assyrium
606 1855 797 1914 constitutum
815 1863 892 1928 erat,
911 1863 941 1913 et
957 1874 1017 1932 qua
1029 1855 1144 1914 ratione
1154 1876 1220 1916 oum
1232 1877 1317 1918 sacra

218 1965 305 2034 gente
318 1955 532 2028 continebatur,
550 1955 652 2031 paucis
665 1955 921 2032 perstringendum
935 1955 1067 2029 videtur,
1085 1974 1213 2034 quonam
1226 1960 1316 2018 modo

218 2057 256 2115 ad
274 2075 419 2116 summum
436 2055 586 2132 potentiae
611 2055 757 2113 cumulum
779 2056 954 2132 pervenerit.
979 2055 1121 2116 Videmus
1145 2065 1243 2118 autem
1267 2079 1315 2120 res

217 2157 410 2234 Assyriorum
428 2157 566 2214 continno
583 2155 645 2213 fere
668 2175 828 2234 progressu
852 2155 969 2234 augeri,
995 2155 1088 2216 donec
1108 2156 1252 2218 Sanherib
1270 2160 1315 2218 fu-

216 2265 300 2316 nesta
322 2257 400 2332 apud
423 2256 634 2333 Hierosolyma
656 2264 778 2332 accepta
801 2256 884 2314 clade
906 2277 924 2314 a
946 2255 1067 2332 fastigio
1100 2256 1229 2317 deiectus
1259 2268 1312 2319 est.

216 2357 335 2415 Primus
353 2355 429 2413 enim
448 2356 604 2428 Phulus,
628 2355 808 2413 Menaehemi
826 2364 858 2414 ut
875 2355 989 2413 videtur
1005 2354 1162 2414 lacessitus
1179 2357 1312 2431 audacia,

216 2455 268 2532 qui
281 2454 470 2530 Thapsacum
488 2455 567 2530 apud
579 2451 760 2528 Euphratem
775 2455 862 2513 sitam
875 2453 1058 2530 expugnavit
1066 2453 1086 2527 ⁵,
1104 2464 1207 2516 contra
1219 2456 1314 2518 lsrae-

214 2555 326 2614 litioum
343 2573 465 2631 regnum
483 2553 576 2612 movit
594 2561 707 2626 castra,
727 2573 753 2612 a.
773 2572 796 2612 c
814 2557 881 2626 7623
900 2551 986 2612 donis
1004 2563 1102 2612 tamen
1119 2563 1149 2612 et
1165 2557 1276 2615 tributo
1294 2577 1313 2616 a

214 2655 404 2714 Menachemo
430 2653 586 2726 exhibitis,
617 2653 759 2712 abstinuit
786 2655 824 2713 ab
859 2653 1057 2732 expugnanda
1088 2659 1175 2713 terra.
1202 2655 1312 2716 Verum

213 2751 354 2833 quo‘niam
398 2755 586 2815 Palaestinae
624 2753 784 2830 capiendae
820 2755 937 2813 initium
984 2753 1031 2811 vel
1070 2755 1157 2830 quasi
1194 2757 1313 2832 praelu-

212 2856 292 2914 dium
326 2856 436 2914 factum
470 2855 640 2928 videbatur,
675 2855 827 2932 Tiglath
855 2852 1033 2926 Pileser⁶,
1069 2855 1121 2932 qui
1157 2858 1312 2934 regnando

264 3034 288 3094 l)
306 3031 363 3081 cfr..
375 3031 425 3080 Ias.
442 3029 552 3090 XXXI,
571 3031 584 3077 l
604 3029 646 3078 all.

262 3115 287 3175 2)
304 3111 356 3162 oe.
374 3113 400 3161 ll.
419 3127 495 3177 supra
512 3127 548 3162 cc.
756 3159 758 3165 ,

261 3197 288 3259 3)
304 3195 357 3245 Cir.
368 3193 434 3246 Gen.
445 3195 484 3255 X,
496 3194 520 3244 9.
538 3195 582 3244 cfr.
592 3195 623 3244 F.
633 3196 671 3246 W.
682 3195 707 3244 J.
719 3193 882 3255 Sannorum,
900 3193 947 3244 das
960 3200 1026 3244 erste
1038 3193 1111 3242 Buch
1120 3193 1202 3258 Mose,
1215 3213 1239 3260 p.
1253 3199 1311 3248 225.

260 3281 288 3342 4)
306 3279 358 3329 Csr.
376 3279 439 3326 Hos.
458 3277 538 3338 VIII,
557 3278 597 3327 13.
615 3279 669 3339 ΙΧ,
689 3278 713 3327 3.
731 3275 809 3326 Mieh.
825 3275 859 3337 V,
877 3276 902 3325 5.
919 3275 988 3338 VII,
1007 3278 1047 3324 12.
1066 3277 1099 3326 15
1117 3276 1161 3326 all.

260 3366 286 3428 5)
302 3363 355 3414 Cir.
373 3361 481 3411 Kenio!
498 3360 532 3410 ad
550 3360 641 3424 arieg.
659 3360 720 3421 XV,
740 3359 779 3408 19.
804 3358 907 3407 Hoseee
924 3359 1009 3408 verbis
1026 3373 1160 3424 perperam
1177 3359 1312 3410 intellectis

210 3449 258 3510 (V,
278 3450 318 3498 13.
340 3447 409 3508 VH,
428 3447 468 3494 11.
492 3445 575 3510 VIII,
593 3444 625 3506 9)
646 3445 763 3503 fuerunt,
788 3443 831 3505 qui
854 3448 950 3492 temere
972 3444 1138 3505 conficerent,
1162 3443 1271 3493 Phulum
1296 3459 1312 3494 s

210 3532 378 3582 Menachemo
402 3530 553 3580 advocatum
576 3544 646 3593 esse3
674 3535 763 3578 contra
780 3527 876 3590 quem?
902 3525 1029 3577 affirmare
1053 3543 1105 3578 non
1129 3527 1222 3576 valent.
1258 3527 1310 3578 Clr.

210 3616 316 3664 Hrrzran
337 3631 427 3664 comm.
451 3615 484 3665 sd
506 3615 569 3663 Hos.
605 3615 693 3663 Tuunn
716 3628 807 3663 comm.
826 3610 859 3661 sd
878 3610 967 3675 2Reg.
985 3611 1031 3662 11.
1066 3613 1098 3662 In
1121 3612 1201 3661 titulis
1224 3611 1255 3661 ab
1279 3626 1310 3662 eo

209 3710 269 3761 rege
293 3699 335 3761 qui
358 3705 418 3748 ante
436 3699 540 3764 Tiglath
564 3698 703 3748 Pileserem
727 3697 858 3762 regnavit,
887 3703 979 3748 octavo
1003 3709 1070 3746 anno
1091 3694 1161 3757 (762)
1182 3691 1309 3760 inscriptis

209 3781 369 3833 Menachemi
386 3783 541 3832 monstenem
558 3783 653 3832 factam
670 3781 782 3832 affirmat
798 3781 939 3843 Rhamma,
957 3785 1113 3832 assentiente
1130 3782 1249 3842 Hmnsro,
1267 3782 1311 3844 qui

208 3866 287 3917 verba
298 3866 453 3916 enucleavit:
465 3865 646 3914 MinakhImmi
658 3862 852 3927 Samarinasyi,
863 3865 908 3914 cfr.
921 3866 1016 3916 Athen.
1028 3865 1111 3929 Lond.
1125 3865 1204 3926 1852,
1216 3865 1272 3914 Ian.
1286 3866 1309 3926 3,

208 3968 233 4016 p.
246 3951 286 4000 26.
304 3949 393 4000 aaut.
411 3947 528 4000 Outlines
544 3966 569 4012 p.
581 3948 683 3999 XXVI.
700 3948 803 3998 Nomen
821 3949 888 4012 regie
906 3963 1029 4014 nusquam
1047 3949 1188 3999 luculenter
1205 3961 1309 4012 expres-

209 4051 264 4086 sum
282 4035 365 4085 adhuc
381 4034 502 4094 occurrit,
518 4032 621 4082 videtur
638 4039 724 4082 autem
741 4032 809 4082 idem
822 4033 914 4095 tuisse,
932 4034 1002 4097 quod
1014 4031 1199 4096 Sardanapalo.
1217 4030 1263 4080 eir.
1274 4029 1307 4080 ib.

259 4119 285 4182 6)
302 4115 609 4170 stnuesourusPhnlum
627 4116 719 4164 veteris
738 4115 872 4178 dynastiae
889 4123 1031 4168 extremum
1048 4117 1126 4165 tuisse
1140 4128 1227 4177 regem
1239 4111 1308 4162 affir-

208 4211 274 4264 mat,
293 4211 318 4253 et
337 4217 404 4254 anuo
422 4201 471 4250 747
491 4198 724 4261 salmanassarem,
742 4200 785 4264 qui
804 4201 889 4264 alioue
907 4201 933 4248 in
951 4199 1047 4264 palatio
1065 4198 1137 4260 regio
1154 4197 1308 4260 fungebatur

209 4300 326 4349 munere,
354 4286 479 4337 seditione
502 4289 592 4334 exorta
614 4298 697 4334 rerum
716 4284 825 4348 potitum
842 4297 905 4333 esse.
939 4281 992 4332 Diu
1009 4281 1077 4331 enim
1093 4280 1221 4333 laboravit
1239 4297 1262 4330 v.
1282 4282 1306 4330 d.
