<?xml version="1.0" encoding="UTF-8"?>
<!DOCTYPE html PUBLIC "-//W3C//DTD XHTML 1.0 Transitional//EN"
    "http://www.w3.org/TR/xhtml1/DTD/xhtml1-transitional.dtd">
<html xmlns="http://www.w3.org/1999/xhtml" xml:lang="en" lang="en">
 <head>
  <title>
</title>
<meta http-equiv="Content-Type" content="text/html;charset=utf-8" />
  <meta name='ocr-system' content='tesseract 3.04.00' />
  <meta name='ocr-capabilities' content='ocr_page ocr_carea ocr_par ocr_line ocrx_word'/>
</head>
<body>
  <div class='ocr_page' id='page_1' title='image "./nahumideninovat03stragoog/nahumideninovat03stragoog_0042.png"; bbox 0 0 3124 4988; ppageno 0'>
   <div class='ocr_carea' id='block_1_1' title="bbox 302 315 1053 382">
    <p class='ocr_par' dir='ltr' id='par_1_1' title="bbox 302 315 1053 382">
     <span class='ocr_line' id='line_1_1' title="bbox 302 315 1053 382; baseline -0.011 0"><span class='ocrx_word' id='word_1_1' title='bbox 302 339 394 382; x_wconf 83' lang='lat' dir='ltr'>xxxn</span> <span class='ocrx_word' id='word_1_2' title='bbox 650 317 895 378; x_wconf 80' lang='lat' dir='ltr'>Pnonneormns.</span> <span class='ocrx_word' id='word_1_3' title='bbox 922 315 995 377; x_wconf 76' lang='lat' dir='ltr'>Osa.</span> <span class='ocrx_word' id='word_1_4' title='bbox 1012 316 1053 376; x_wconf 92' lang='lat' dir='ltr'>ll.</span> 
     </span>
    </p>
   </div>
   <div class='ocr_carea' id='block_1_2' title="bbox 301 497 1409 980">
    <p class='ocr_par' dir='ltr' id='par_1_2' title="bbox 301 497 1409 980">
     <span class='ocr_line' id='line_1_2' title="bbox 303 497 1409 578; baseline -0.005 -14"><span class='ocrx_word' id='word_1_5' title='bbox 303 504 386 564; x_wconf 83' lang='lat' dir='ltr'>cuius</span> <span class='ocrx_word' id='word_1_6' title='bbox 403 501 607 563; x_wconf 84' lang='lat' dir='ltr'>necessitatem</span> <span class='ocrx_word' id='word_1_7' title='bbox 625 501 755 561; x_wconf 90' lang='lat' dir='ltr'>omnium</span> <span class='ocrx_word' id='word_1_8' title='bbox 772 501 836 562; x_wconf 79' lang='grc'><strong>1818</strong></span> <span class='ocrx_word' id='word_1_9' title='bbox 854 500 1022 578; x_wconf 80' lang='lat' dir='ltr'>exiguntur.</span> <span class='ocrx_word' id='word_1_10' title='bbox 1047 497 1133 574; x_wconf 83' lang='lat' dir='ltr'>Quae</span> <span class='ocrx_word' id='word_1_11' title='bbox 1150 497 1291 558; x_wconf 81' lang='lat' dir='ltr'>vaticinia</span> <span class='ocrx_word' id='word_1_12' title='bbox 1307 505 1409 558; x_wconf 65' lang='lat' dir='ltr'>uuum</span> 
     </span>
     <span class='ocr_line' id='line_1_3' title="bbox 303 600 1409 682; baseline -0.007 -16"><span class='ocrx_word' id='word_1_13' title='bbox 303 603 441 682; x_wconf 85' lang='lat' dir='ltr'>gentibus</span> <span class='ocrx_word' id='word_1_14' title='bbox 457 603 654 676; x_wconf 83' lang='lat' dir='ltr'>innotuerint,</span> <span class='ocrx_word' id='word_1_15' title='bbox 673 621 726 661; x_wconf 88' lang='lat' dir='ltr'>nec</span> <span class='ocrx_word' id='word_1_16' title='bbox 740 621 792 674; x_wconf 89' lang='lat' dir='ltr'>ne,</span> <span class='ocrx_word' id='word_1_17' title='bbox 810 621 869 661; x_wconf 96' lang='lat' dir='ltr'>non</span> <span class='ocrx_word' id='word_1_18' title='bbox 880 603 1003 660; x_wconf 88' lang='lat' dir='ltr'>multum</span> <span class='ocrx_word' id='word_1_19' title='bbox 1015 601 1120 672; x_wconf 81' lang='lat' dir='ltr'>reiert3</span> <span class='ocrx_word' id='word_1_20' title='bbox 1138 617 1192 658; x_wconf 86' lang='lat' dir='ltr'>nee</span> <span class='ocrx_word' id='word_1_21' title='bbox 1204 600 1295 658; x_wconf 87' lang='lat' dir='ltr'>Ionae</span> <span class='ocrx_word' id='word_1_22' title='bbox 1307 617 1409 658; x_wconf 85' lang='lat' dir='ltr'>exem·</span> 
     </span>
     <span class='ocr_line' id='line_1_4' title="bbox 301 699 1408 781; baseline -0.005 -19"><span class='ocrx_word' id='word_1_23' title='bbox 301 705 363 781; x_wconf 85' lang='lat' dir='ltr'>plis</span> <span class='ocrx_word' id='word_1_24' title='bbox 375 712 467 781; x_wconf 87' lang='lat' dir='ltr'>atque</span> <span class='ocrx_word' id='word_1_25' title='bbox 479 704 621 763; x_wconf 83' lang='lat' dir='ltr'>Ieremias</span> <span class='ocrx_word' id='word_1_26' title='bbox 632 704 640 736; x_wconf 93' lang='lat'>¹</span> <span class='ocrx_word' id='word_1_27' title='bbox 654 721 834 779; x_wconf 80' lang='lat' dir='ltr'>magnopere</span> <span class='ocrx_word' id='word_1_28' title='bbox 846 702 1041 762; x_wconf 85' lang='lat' dir='ltr'>insistendum</span> <span class='ocrx_word' id='word_1_29' title='bbox 1059 709 1114 772; x_wconf 90' lang='lat' dir='ltr'>est,</span> <span class='ocrx_word' id='word_1_30' title='bbox 1132 719 1209 778; x_wconf 86' lang='lat' dir='ltr'>quae</span> <span class='ocrx_word' id='word_1_31' title='bbox 1226 699 1265 758; x_wconf 87' lang='lat' dir='ltr'>ab</span> <span class='ocrx_word' id='word_1_32' title='bbox 1277 699 1345 758; x_wconf 89' lang='lat' dir='ltr'>aliis</span> <span class='ocrx_word' id='word_1_33' title='bbox 1361 699 1408 757; x_wconf 91' lang='lat' dir='ltr'>in-</span> 
     </span>
     <span class='ocr_line' id='line_1_5' title="bbox 302 799 1408 880; baseline -0.004 -17"><span class='ocrx_word' id='word_1_34' title='bbox 302 825 393 880; x_wconf 85' lang='lat' dir='ltr'>super</span> <span class='ocrx_word' id='word_1_35' title='bbox 410 805 523 864; x_wconf 86' lang='lat' dir='ltr'>caussis</span> <span class='ocrx_word' id='word_1_36' title='bbox 540 803 747 880; x_wconf 89' lang='lat' dir='ltr'>suspendenda</span> <span class='ocrx_word' id='word_1_37' title='bbox 763 811 840 862; x_wconf 89' lang='lat' dir='ltr'>sunt.</span> <span class='ocrx_word' id='word_1_38' title='bbox 866 803 948 878; x_wconf 83' lang='lat' dir='ltr'>Ergo</span> <span class='ocrx_word' id='word_1_39' title='bbox 965 801 1076 878; x_wconf 83' lang='lat' dir='ltr'>duplex</span> <span class='ocrx_word' id='word_1_40' title='bbox 1090 801 1186 860; x_wconf 86' lang='lat' dir='ltr'>nostri</span> <span class='ocrx_word' id='word_1_41' title='bbox 1200 819 1319 878; x_wconf 88' lang='lat' dir='ltr'>quoque</span> <span class='ocrx_word' id='word_1_42' title='bbox 1332 799 1408 859; x_wconf 88' lang='lat' dir='ltr'>vati·</span> 
     </span>
     <span class='ocr_line' id='line_1_6' title="bbox 302 899 1408 980; baseline -0.005 -17"><span class='ocrx_word' id='word_1_43' title='bbox 302 905 372 964; x_wconf 84' lang='lat' dir='ltr'>ninii</span> <span class='ocrx_word' id='word_1_44' title='bbox 396 923 503 980; x_wconf 87' lang='lat' dir='ltr'>scopus</span> <span class='ocrx_word' id='word_1_45' title='bbox 526 912 588 977; x_wconf 87' lang='lat' dir='ltr'>cst,</span> <span class='ocrx_word' id='word_1_46' title='bbox 612 921 739 980; x_wconf 83' lang='lat' dir='ltr'>qnorum</span> <span class='ocrx_word' id='word_1_47' title='bbox 763 903 838 961; x_wconf 91' lang='lat' dir='ltr'>alter</span> <span class='ocrx_word' id='word_1_48' title='bbox 859 902 890 959; x_wconf 93' lang='lat' dir='ltr'>in</span> <span class='ocrx_word' id='word_1_49' title='bbox 907 900 1035 974; x_wconf 87' lang='lat' dir='ltr'>Israelc,</span> <span class='ocrx_word' id='word_1_50' title='bbox 1058 901 1134 960; x_wconf 88' lang='lat' dir='ltr'>alter</span> <span class='ocrx_word' id='word_1_51' title='bbox 1149 900 1180 958; x_wconf 92' lang='lat' dir='ltr'>in</span> <span class='ocrx_word' id='word_1_52' title='bbox 1199 899 1335 977; x_wconf 74' lang='lat' dir='ltr'>Assyriis</span> <span class='ocrx_word' id='word_1_53' title='bbox 1352 919 1408 976; x_wconf 91' lang='lat' dir='ltr'>po·</span> 
     </span>
    </p>
   </div>
   <div class='ocr_carea' id='block_1_3' title="bbox 297 1000 1457 2887">
    <p class='ocr_par' dir='ltr' id='par_1_3' title="bbox 300 1000 1457 1982">
     <span class='ocr_line' id='line_1_7' title="bbox 302 1000 1407 1078; baseline -0.005 -14"><span class='ocrx_word' id='word_1_54' title='bbox 302 1004 378 1064; x_wconf 89' lang='lat' dir='ltr'>situs</span> <span class='ocrx_word' id='word_1_55' title='bbox 404 1011 464 1075; x_wconf 85' lang='lat' dir='ltr'>est3</span> <span class='ocrx_word' id='word_1_56' title='bbox 496 1021 614 1076; x_wconf 90' lang='lat' dir='ltr'>verum,</span> <span class='ocrx_word' id='word_1_57' title='bbox 636 1003 711 1062; x_wconf 89' lang='lat' dir='ltr'>licet·</span> <span class='ocrx_word' id='word_1_58' title='bbox 728 1003 833 1062; x_wconf 86' lang='lat' dir='ltr'>horum</span> <span class='ocrx_word' id='word_1_59' title='bbox 856 1020 963 1062; x_wconf 90' lang='lat' dir='ltr'>nomeu</span> <span class='ocrx_word' id='word_1_60' title='bbox 988 1001 1065 1060; x_wconf 91' lang='lat' dir='ltr'>libro</span> <span class='ocrx_word' id='word_1_61' title='bbox 1088 1001 1263 1078; x_wconf 87' lang='lat' dir='ltr'>inscriptum</span> <span class='ocrx_word' id='word_1_62' title='bbox 1289 1000 1344 1073; x_wconf 88' lang='lat' dir='ltr'>sit,</span> <span class='ocrx_word' id='word_1_63' title='bbox 1377 1009 1407 1060; x_wconf 87' lang='lat' dir='ltr'>et</span> 
     </span>
     <span class='ocr_line' id='line_1_8' title="bbox 301 1101 1406 1178; baseline -0.004 -16"><span class='ocrx_word' id='word_1_64' title='bbox 301 1102 506 1164; x_wconf 84' lang='lat' dir='ltr'>Israelitarum</span> <span class='ocrx_word' id='word_1_65' title='bbox 523 1103 604 1162; x_wconf 91' lang='lat' dir='ltr'>salus</span> <span class='ocrx_word' id='word_1_66' title='bbox 620 1103 741 1163; x_wconf 87' lang='lat' dir='ltr'>interitu</span> <span class='ocrx_word' id='word_1_67' title='bbox 759 1123 860 1162; x_wconf 89' lang='lat' dir='ltr'>eorum</span> <span class='ocrx_word' id='word_1_68' title='bbox 877 1101 1077 1178; x_wconf 87' lang='lat' dir='ltr'>comparanda</span> <span class='ocrx_word' id='word_1_69' title='bbox 1093 1101 1196 1178; x_wconf 84' lang='lat' dir='ltr'>paucis</span> <span class='ocrx_word' id='word_1_70' title='bbox 1213 1109 1328 1160; x_wconf 83' lang='lat' dir='ltr'>tantum</span> <span class='ocrx_word' id='word_1_71' title='bbox 1341 1119 1406 1159; x_wconf 87' lang='lat' dir='ltr'>ver·</span> 
     </span>
     <span class='ocr_line' id='line_1_9' title="bbox 301 1201 1406 1281; baseline -0.004 -18"><span class='ocrx_word' id='word_1_72' title='bbox 301 1204 349 1264; x_wconf 93' lang='lat' dir='ltr'>bis</span> <span class='ocrx_word' id='word_1_73' title='bbox 361 1211 463 1281; x_wconf 88' lang='lat' dir='ltr'>aperte</span> <span class='ocrx_word' id='word_1_74' title='bbox 476 1204 649 1276; x_wconf 85' lang='lat' dir='ltr'>declaretur,</span> <span class='ocrx_word' id='word_1_75' title='bbox 668 1212 765 1262; x_wconf 87' lang='lat' dir='ltr'>tamen</span> <span class='ocrx_word' id='word_1_76' title='bbox 779 1203 899 1264; x_wconf 79' lang='lat' dir='ltr'>Israelis</span> <span class='ocrx_word' id='word_1_77' title='bbox 911 1211 1062 1280; x_wconf 86' lang='lat' dir='ltr'>respectus</span> <span class='ocrx_word' id='word_1_78' title='bbox 1073 1201 1170 1278; x_wconf 88' lang='lat' dir='ltr'>primo</span> <span class='ocrx_word' id='word_1_79' title='bbox 1183 1210 1273 1278; x_wconf 88' lang='lat' dir='ltr'>atque</span> <span class='ocrx_word' id='word_1_80' title='bbox 1290 1219 1406 1260; x_wconf 89' lang='lat' dir='ltr'>summo</span> 
     </span>
     <span class='ocr_line' id='line_1_10' title="bbox 302 1301 1405 1382; baseline -0.002 -20"><span class='ocrx_word' id='word_1_81' title='bbox 302 1305 369 1363; x_wconf 92' lang='lat' dir='ltr'>loco</span> <span class='ocrx_word' id='word_1_82' title='bbox 381 1304 538 1364; x_wconf 88' lang='lat' dir='ltr'>habendus</span> <span class='ocrx_word' id='word_1_83' title='bbox 555 1313 609 1364; x_wconf 90' lang='lat' dir='ltr'>est.</span> <span class='ocrx_word' id='word_1_84' title='bbox 627 1337 664 1347; x_wconf 89' lang='lat'><strong>—</strong></span> <span class='ocrx_word' id='word_1_85' title='bbox 680 1304 745 1364; x_wconf 88' lang='lat' dir='ltr'>lam</span> <span class='ocrx_word' id='word_1_86' title='bbox 762 1322 834 1372; x_wconf 80' lang='lat' dir='ltr'>vero</span> <span class='ocrx_word' id='word_1_87' title='bbox 852 1303 992 1382; x_wconf 87' lang='lat' dir='ltr'>quoniam</span> <span class='ocrx_word' id='word_1_88' title='bbox 1006 1303 1202 1380; x_wconf 85' lang='lat' dir='ltr'>Assyriorum</span> <span class='ocrx_word' id='word_1_89' title='bbox 1218 1301 1332 1378; x_wconf 84' lang='lat' dir='ltr'>flagitia</span> <span class='ocrx_word' id='word_1_90' title='bbox 1344 1319 1405 1360; x_wconf 85' lang='lat' dir='ltr'>nou</span> 
     </span>
     <span class='ocr_line' id='line_1_11' title="bbox 302 1403 1406 1482; baseline -0.005 -17"><span class='ocrx_word' id='word_1_91' title='bbox 302 1405 421 1481; x_wconf 83' lang='lat' dir='ltr'>singula</span> <span class='ocrx_word' id='word_1_92' title='bbox 437 1403 582 1482; x_wconf 87' lang='lat' dir='ltr'>quaedam</span> <span class='ocrx_word' id='word_1_93' title='bbox 606 1413 635 1464; x_wconf 91' lang='lat' dir='ltr'>et</span> <span class='ocrx_word' id='word_1_94' title='bbox 652 1413 732 1462; x_wconf 88' lang='lat' dir='ltr'>certo</span> <span class='ocrx_word' id='word_1_95' title='bbox 756 1404 885 1481; x_wconf 92' lang='lat' dir='ltr'>quodam</span> <span class='ocrx_word' id='word_1_96' title='bbox 908 1413 1041 1480; x_wconf 87' lang='lat' dir='ltr'>tempore</span> <span class='ocrx_word' id='word_1_97' title='bbox 1063 1421 1134 1480; x_wconf 86' lang='lat' dir='ltr'>erga</span> <span class='ocrx_word' id='word_1_98' title='bbox 1158 1419 1273 1462; x_wconf 87' lang='lat' dir='ltr'>sacram</span> <span class='ocrx_word' id='word_1_99' title='bbox 1289 1410 1406 1479; x_wconf 77' lang='lat' dir='ltr'>gentem</span> 
     </span>
     <span class='ocr_line' id='line_1_12' title="bbox 301 1501 1406 1581; baseline -0.002 -19"><span class='ocrx_word' id='word_1_100' title='bbox 301 1512 474 1581; x_wconf 87' lang='lat' dir='ltr'>perpetrata</span> <span class='ocrx_word' id='word_1_101' title='bbox 491 1506 711 1581; x_wconf 88' lang='lat' dir='ltr'>exprobrantur</span> <span class='ocrx_word' id='word_1_102' title='bbox 728 1513 758 1563; x_wconf 93' lang='lat' dir='ltr'>et</span> <span class='ocrx_word' id='word_1_103' title='bbox 775 1505 952 1564; x_wconf 87' lang='lat' dir='ltr'>destinatum</span> <span class='ocrx_word' id='word_1_104' title='bbox 976 1522 1031 1581; x_wconf 86' lang='lat' dir='ltr'>pro</span> <span class='ocrx_word' id='word_1_105' title='bbox 1055 1503 1093 1562; x_wconf 85' lang='lat' dir='ltr'>iis</span> <span class='ocrx_word' id='word_1_106' title='bbox 1116 1502 1291 1580; x_wconf 88' lang='lat' dir='ltr'>supplicium</span> <span class='ocrx_word' id='word_1_107' title='bbox 1309 1501 1406 1561; x_wconf 77' lang='grc'><strong>118818-</strong></span> 
     </span>
     <span class='ocr_line' id='line_1_13' title="bbox 301 1603 1405 1682; baseline -0.002 -18"><span class='ocrx_word' id='word_1_108' title='bbox 301 1615 399 1677; x_wconf 87' lang='lat' dir='ltr'>ratur,</span> <span class='ocrx_word' id='word_1_109' title='bbox 423 1624 525 1664; x_wconf 87' lang='lat' dir='ltr'>verum</span> <span class='ocrx_word' id='word_1_110' title='bbox 549 1605 649 1663; x_wconf 92' lang='lat' dir='ltr'>omnia</span> <span class='ocrx_word' id='word_1_111' title='bbox 667 1605 787 1663; x_wconf 91' lang='lat' dir='ltr'>omnino</span> <span class='ocrx_word' id='word_1_112' title='bbox 804 1604 940 1664; x_wconf 87' lang='lat' dir='ltr'>facinora</span> <span class='ocrx_word' id='word_1_113' title='bbox 956 1623 1015 1662; x_wconf 92' lang='lat' dir='ltr'>uno</span> <span class='ocrx_word' id='word_1_114' title='bbox 1033 1603 1119 1682; x_wconf 89' lang='lat' dir='ltr'>quasi</span> <span class='ocrx_word' id='word_1_115' title='bbox 1143 1611 1302 1679; x_wconf 86' lang='lat' dir='ltr'>conspectu</span> <span class='ocrx_word' id='word_1_116' title='bbox 1325 1621 1405 1662; x_wconf 89' lang='lat' dir='ltr'>com·</span> 
     </span>
     <span class='ocr_line' id='line_1_14' title="bbox 300 1702 1405 1783; baseline -0.002 -19"><span class='ocrx_word' id='word_1_117' title='bbox 300 1706 448 1783; x_wconf 88' lang='lat' dir='ltr'>prehensa</span> <span class='ocrx_word' id='word_1_118' title='bbox 465 1713 672 1782; x_wconf 85' lang='lat' dir='ltr'>proponuntur</span> <span class='ocrx_word' id='word_1_119' title='bbox 683 1713 712 1764; x_wconf 87' lang='lat' dir='ltr'>et</span> <span class='ocrx_word' id='word_1_120' title='bbox 726 1705 934 1778; x_wconf 83' lang='lat' dir='ltr'>diiudicentur,</span> <span class='ocrx_word' id='word_1_121' title='bbox 945 1705 1091 1764; x_wconf 64' lang='lat' dir='ltr'>‘universa</span> <span class='ocrx_word' id='word_1_122' title='bbox 1103 1702 1299 1781; x_wconf 78' lang='lat' dir='ltr'>Assyriorum</span> <span class='ocrx_word' id='word_1_123' title='bbox 1311 1703 1405 1762; x_wconf 85' lang='lat' dir='ltr'>histo·</span> 
     </span>
     <span class='ocr_line' id='line_1_15' title="bbox 300 1803 1457 1883; baseline 0.001 -19"><span class='ocrx_word' id='word_1_124' title='bbox 300 1807 346 1866; x_wconf 86' lang='lat' dir='ltr'>ria</span> <span class='ocrx_word' id='word_1_125' title='bbox 363 1805 493 1866; x_wconf 88' lang='lat' dir='ltr'>breviter</span> <span class='ocrx_word' id='word_1_126' title='bbox 509 1807 625 1864; x_wconf 81' lang='lat' dir='ltr'>videtur</span> <span class='ocrx_word' id='word_1_127' title='bbox 642 1806 869 1883; x_wconf 85' lang='lat' dir='ltr'>perstringenda</span> <span class='ocrx_word' id='word_1_128' title='bbox 886 1825 964 1878; x_wconf 86' lang='lat' dir='ltr'>esse,</span> <span class='ocrx_word' id='word_1_129' title='bbox 983 1814 1073 1882; x_wconf 89' lang='lat' dir='ltr'>atque</span> <span class='ocrx_word' id='word_1_130' title='bbox 1086 1805 1125 1862; x_wconf 83' lang='lat' dir='ltr'>ad</span> <span class='ocrx_word' id='word_1_131' title='bbox 1138 1823 1203 1862; x_wconf 90' lang='lat' dir='ltr'>eam</span> <span class='ocrx_word' id='word_1_132' title='bbox 1217 1803 1405 1882; x_wconf 80' lang='lat' dir='ltr'>potissimum</span> <span class='ocrx_word' id='word_1_133' title='bbox 1454 1857 1457 1865; x_wconf 91' lang='lat'><em>.</em></span> 
     </span>
     <span class='ocr_line' id='line_1_16' title="bbox 300 1905 1221 1982; baseline -0.005 -15"><span class='ocrx_word' id='word_1_134' title='bbox 300 1906 445 1967; x_wconf 83' lang='lat' dir='ltr'>rationem</span> <span class='ocrx_word' id='word_1_135' title='bbox 463 1907 646 1979; x_wconf 86' lang='lat' dir='ltr'>revocanda,</span> <span class='ocrx_word' id='word_1_136' title='bbox 666 1925 725 1982; x_wconf 94' lang='lat' dir='ltr'>qua</span> <span class='ocrx_word' id='word_1_137' title='bbox 743 1925 808 1964; x_wconf 90' lang='lat' dir='ltr'>cum</span> <span class='ocrx_word' id='word_1_138' title='bbox 827 1905 971 1965; x_wconf 85' lang='lat' dir='ltr'>Israelitis</span> <span class='ocrx_word' id='word_1_139' title='bbox 987 1905 1221 1964; x_wconf 89' lang='lat' dir='ltr'>continebantur.</span> 
     </span>
    </p>

    <p class='ocr_par' dir='ltr' id='par_1_4' title="bbox 297 2003 1405 2887">
     <span class='ocr_line' id='line_1_17' title="bbox 349 2003 1405 2083; baseline -0.002 -19"><span class='ocrx_word' id='word_1_140' title='bbox 349 2005 438 2064; x_wconf 89' lang='lat' dir='ltr'>Prius</span> <span class='ocrx_word' id='word_1_141' title='bbox 456 2025 528 2064; x_wconf 86' lang='lat' dir='ltr'>vero</span> <span class='ocrx_word' id='word_1_142' title='bbox 547 2025 636 2083; x_wconf 92' lang='lat' dir='ltr'>quam</span> <span class='ocrx_word' id='word_1_143' title='bbox 653 2025 700 2066; x_wconf 89' lang='lat' dir='ltr'>res</span> <span class='ocrx_word' id='word_1_144' title='bbox 717 2005 799 2081; x_wconf 85' lang='lat' dir='ltr'>ipsas</span> <span class='ocrx_word' id='word_1_145' title='bbox 817 2025 1018 2081; x_wconf 79' lang='lat' dir='ltr'>exponamus,</span> <span class='ocrx_word' id='word_1_146' title='bbox 1036 2005 1140 2082; x_wconf 89' lang='lat' dir='ltr'>paucis</span> <span class='ocrx_word' id='word_1_147' title='bbox 1158 2003 1340 2064; x_wconf 84' lang='lat' dir='ltr'>absolvenda</span> <span class='ocrx_word' id='word_1_148' title='bbox 1357 2013 1405 2064; x_wconf 89' lang='lat' dir='ltr'>est</span> 
     </span>
     <span class='ocr_line' id='line_1_18' title="bbox 301 2105 1404 2183; baseline 0 -19"><span class='ocrx_word' id='word_1_149' title='bbox 301 2123 337 2166; x_wconf 87' lang='lat' dir='ltr'>sa</span> <span class='ocrx_word' id='word_1_150' title='bbox 354 2105 507 2182; x_wconf 78' lang='lat' dir='ltr'>quaestio,</span> <span class='ocrx_word' id='word_1_151' title='bbox 527 2125 603 2183; x_wconf 91' lang='lat' dir='ltr'>quae</span> <span class='ocrx_word' id='word_1_152' title='bbox 620 2114 665 2165; x_wconf 89' lang='lat' dir='ltr'>est</span> <span class='ocrx_word' id='word_1_153' title='bbox 682 2106 718 2164; x_wconf 89' lang='lat' dir='ltr'>de</span> <span class='ocrx_word' id='word_1_154' title='bbox 734 2106 882 2179; x_wconf 82' lang='lat' dir='ltr'>fontibus,</span> <span class='ocrx_word' id='word_1_155' title='bbox 908 2107 984 2164; x_wconf 86' lang='lat' dir='ltr'>nude</span> <span class='ocrx_word' id='word_1_156' title='bbox 1001 2125 1098 2164; x_wconf 88' lang='lat' dir='ltr'>rerum</span> <span class='ocrx_word' id='word_1_157' title='bbox 1116 2105 1308 2182; x_wconf 81' lang='lat' dir='ltr'>Assyriorum</span> <span class='ocrx_word' id='word_1_158' title='bbox 1326 2105 1404 2164; x_wconf 92' lang='lat' dir='ltr'>noti·</span> 
     </span>
     <span class='ocr_line' id='line_1_19' title="bbox 300 2205 1405 2282; baseline 0.002 -18"><span class='ocrx_word' id='word_1_159' title='bbox 300 2205 373 2264; x_wconf 85' lang='lat' dir='ltr'>iiam</span> <span class='ocrx_word' id='word_1_160' title='bbox 392 2205 578 2279; x_wconf 89' lang='lat' dir='ltr'>hauriamus,</span> <span class='ocrx_word' id='word_1_161' title='bbox 602 2205 777 2282; x_wconf 88' lang='lat' dir='ltr'>praesertim</span> <span class='ocrx_word' id='word_1_162' title='bbox 800 2225 866 2265; x_wconf 91' lang='lat' dir='ltr'>cum</span> <span class='ocrx_word' id='word_1_163' title='bbox 889 2206 992 2282; x_wconf 90' lang='lat' dir='ltr'>paucis</span> <span class='ocrx_word' id='word_1_164' title='bbox 1009 2207 1117 2265; x_wconf 86' lang='lat' dir='ltr'>abhinc</span> <span class='ocrx_word' id='word_1_165' title='bbox 1139 2206 1225 2266; x_wconf 90' lang='lat' dir='ltr'>annis</span> <span class='ocrx_word' id='word_1_166' title='bbox 1242 2205 1405 2266; x_wconf 84' lang='lat' dir='ltr'>domestica</span> 
     </span>
     <span class='ocr_line' id='line_1_20' title="bbox 300 2305 1404 2384; baseline 0.002 -20"><span class='ocrx_word' id='word_1_167' title='bbox 300 2305 526 2383; x_wconf 86' lang='lat' dir='ltr'>potentissimae</span> <span class='ocrx_word' id='word_1_168' title='bbox 548 2306 645 2384; x_wconf 86' lang='lat' dir='ltr'>gentis</span> <span class='ocrx_word' id='word_1_169' title='bbox 668 2315 857 2365; x_wconf 88' lang='lat' dir='ltr'>monumenta</span> <span class='ocrx_word' id='word_1_170' title='bbox 888 2306 1011 2382; x_wconf 85' lang='lat' dir='ltr'>reperiri</span> <span class='ocrx_word' id='word_1_171' title='bbox 1040 2315 1146 2382; x_wconf 88' lang='lat' dir='ltr'>coepta</span> <span class='ocrx_word' id='word_1_172' title='bbox 1173 2306 1247 2379; x_wconf 90' lang='lat' dir='ltr'>sint,</span> <span class='ocrx_word' id='word_1_173' title='bbox 1277 2325 1404 2384; x_wconf 86' lang='lat' dir='ltr'>quorum</span> 
     </span>
     <span class='ocr_line' id='line_1_21' title="bbox 300 2405 1404 2484; baseline 0.002 -18"><span class='ocrx_word' id='word_1_174' title='bbox 300 2426 415 2466; x_wconf 91' lang='lat' dir='ltr'>summa</span> <span class='ocrx_word' id='word_1_175' title='bbox 432 2424 549 2482; x_wconf 86' lang='lat' dir='ltr'>semper</span> <span class='ocrx_word' id='word_1_176' title='bbox 565 2407 596 2464; x_wconf 95' lang='lat' dir='ltr'>in</span> <span class='ocrx_word' id='word_1_177' title='bbox 614 2407 816 2466; x_wconf 84' lang='lat' dir='ltr'>concinnanda</span> <span class='ocrx_word' id='word_1_178' title='bbox 834 2407 975 2483; x_wconf 88' lang='lat' dir='ltr'>cuiusque</span> <span class='ocrx_word' id='word_1_179' title='bbox 1000 2407 1104 2483; x_wconf 90' lang='lat' dir='ltr'>populi</span> <span class='ocrx_word' id='word_1_180' title='bbox 1126 2405 1251 2466; x_wconf 81' lang='lat' dir='ltr'>historia</span> <span class='ocrx_word' id='word_1_181' title='bbox 1274 2407 1404 2484; x_wconf 75' lang='lat' dir='ltr'>dignitas</span> 
     </span>
     <span class='ocr_line' id='line_1_22' title="bbox 299 2505 1404 2585; baseline 0.003 -22"><span class='ocrx_word' id='word_1_182' title='bbox 299 2516 345 2566; x_wconf 88' lang='lat' dir='ltr'>est</span> <span class='ocrx_word' id='word_1_183' title='bbox 362 2514 453 2584; x_wconf 88' lang='lat' dir='ltr'>atque</span> <span class='ocrx_word' id='word_1_184' title='bbox 470 2508 642 2567; x_wconf 86' lang='lat' dir='ltr'>auctoritas.</span> <span class='ocrx_word' id='word_1_185' title='bbox 671 2506 751 2567; x_wconf 92' lang='lat' dir='ltr'>Nam</span> <span class='ocrx_word' id='word_1_186' title='bbox 769 2525 834 2566; x_wconf 88' lang='lat' dir='ltr'>oum</span> <span class='ocrx_word' id='word_1_187' title='bbox 857 2507 925 2585; x_wconf 92' lang='lat' dir='ltr'>plus</span> <span class='ocrx_word' id='word_1_188' title='bbox 942 2508 1013 2566; x_wconf 90' lang='lat' dir='ltr'>MM</span> <span class='ocrx_word' id='word_1_189' title='bbox 1030 2507 1116 2566; x_wconf 87' lang='lat' dir='ltr'>annis</span> <span class='ocrx_word' id='word_1_190' title='bbox 1133 2505 1249 2580; x_wconf 86' lang='lat' dir='ltr'>Ninus,</span> <span class='ocrx_word' id='word_1_191' title='bbox 1275 2508 1404 2585; x_wconf 85' lang='lat' dir='ltr'>splendi-</span> 
     </span>
     <span class='ocr_line' id='line_1_23' title="bbox 299 2606 1405 2684; baseline 0.001 -18"><span class='ocrx_word' id='word_1_192' title='bbox 299 2607 414 2666; x_wconf 90' lang='lat' dir='ltr'>dissimi</span> <span class='ocrx_word' id='word_1_193' title='bbox 432 2606 503 2665; x_wconf 91' lang='lat' dir='ltr'>olim</span> <span class='ocrx_word' id='word_1_194' title='bbox 521 2609 604 2684; x_wconf 84' lang='lat' dir='ltr'>regni</span> <span class='ocrx_word' id='word_1_195' title='bbox 623 2617 725 2684; x_wconf 86' lang='lat' dir='ltr'>caput,</span> <span class='ocrx_word' id='word_1_196' title='bbox 744 2609 838 2668; x_wconf 87' lang='lat' dir='ltr'>vastis</span> <span class='ocrx_word' id='word_1_197' title='bbox 852 2608 972 2666; x_wconf 86' lang='lat' dir='ltr'>condita</span> <span class='ocrx_word' id='word_1_198' title='bbox 982 2609 1125 2684; x_wconf 87' lang='lat' dir='ltr'>sepulcris</span> <span class='ocrx_word' id='word_1_199' title='bbox 1138 2607 1283 2680; x_wconf 85' lang='lat' dir='ltr'>latuisset,</span> <span class='ocrx_word' id='word_1_200' title='bbox 1301 2616 1405 2668; x_wconf 88' lang='lat' dir='ltr'>nostra</span> 
     </span>
     <span class='ocr_line' id='line_1_24' title="bbox 297 2707 1403 2785; baseline 0.002 -21"><span class='ocrx_word' id='word_1_201' title='bbox 297 2707 441 2766; x_wconf 88' lang='lat' dir='ltr'>memoria</span> <span class='ocrx_word' id='word_1_202' title='bbox 459 2707 625 2784; x_wconf 84' lang='lat' dir='ltr'>Anglorum</span> <span class='ocrx_word' id='word_1_203' title='bbox 643 2715 672 2765; x_wconf 92' lang='lat' dir='ltr'>et</span> <span class='ocrx_word' id='word_1_204' title='bbox 688 2708 954 2784; x_wconf 82' lang='lat' dir='ltr'>Francogallorum</span> <span class='ocrx_word' id='word_1_205' title='bbox 979 2727 1069 2785; x_wconf 88' lang='lat' dir='ltr'>opera</span> <span class='ocrx_word' id='word_1_206' title='bbox 1087 2717 1116 2767; x_wconf 89' lang='lat' dir='ltr'>et</span> <span class='ocrx_word' id='word_1_207' title='bbox 1132 2708 1277 2768; x_wconf 86' lang='lat' dir='ltr'>industria</span> <span class='ocrx_word' id='word_1_208' title='bbox 1292 2709 1403 2768; x_wconf 85' lang='lat' dir='ltr'>lactum</span> 
     </span>
     <span class='ocr_line' id='line_1_25' title="bbox 297 2805 1404 2887; baseline 0.005 -25"><span class='ocrx_word' id='word_1_209' title='bbox 297 2814 357 2878; x_wconf 86' lang='lat' dir='ltr'>est,</span> <span class='ocrx_word' id='word_1_210' title='bbox 384 2814 417 2862; x_wconf 89' lang='lat' dir='ltr'>nt</span> <span class='ocrx_word' id='word_1_211' title='bbox 440 2805 509 2863; x_wconf 87' lang='lat' dir='ltr'>inde</span> <span class='ocrx_word' id='word_1_212' title='bbox 532 2808 570 2865; x_wconf 90' lang='lat' dir='ltr'>ab</span> <span class='ocrx_word' id='word_1_213' title='bbox 594 2811 758 2865; x_wconf 85' lang='lat' dir='ltr'>anu01843</span> <span class='ocrx_word' id='word_1_214' title='bbox 781 2827 798 2866; x_wconf 88' lang='lat' dir='ltr'>e</span> <span class='ocrx_word' id='word_1_215' title='bbox 821 2808 942 2885; x_wconf 84' lang='lat' dir='ltr'>pulvere</span> <span class='ocrx_word' id='word_1_216' title='bbox 964 2817 994 2866; x_wconf 88' lang='lat' dir='ltr'>et</span> <span class='ocrx_word' id='word_1_217' title='bbox 1010 2808 1123 2870; x_wconf 92' lang='lat' dir='ltr'>sabulis</span> <span class='ocrx_word' id='word_1_218' title='bbox 1145 2807 1297 2887; x_wconf 80' lang='lat' dir='ltr'>surgeret²</span> <span class='ocrx_word' id='word_1_219' title='bbox 1310 2816 1404 2885; x_wconf 61' lang='lat' dir='ltr'>‘atque</span> 
     </span>
    </p>
   </div>
   <div class='ocr_carea' id='block_1_4' title="bbox 293 2993 1404 4408">
    <p class='ocr_par' dir='ltr' id='par_1_5' title="bbox 350 2993 1200 3064">
     <span class='ocr_line' id='line_1_26' title="bbox 350 2993 1200 3064; baseline 0.007 -20"><span class='ocrx_word' id='word_1_220' title='bbox 350 2995 377 3056; x_wconf 89' lang='lat' dir='ltr'>l)</span> <span class='ocrx_word' id='word_1_221' title='bbox 394 2993 445 3055; x_wconf 86' lang='lat' dir='ltr'>Qui</span> <span class='ocrx_word' id='word_1_222' title='bbox 461 2995 589 3058; x_wconf 86' lang='lat' dir='ltr'>propheta</span> <span class='ocrx_word' id='word_1_223' title='bbox 605 2998 723 3060; x_wconf 81' lang='lat' dir='ltr'>gentibus</span> <span class='ocrx_word' id='word_1_224' title='bbox 740 3001 893 3050; x_wconf 87' lang='lat' dir='ltr'>constitutus</span> <span class='ocrx_word' id='word_1_225' title='bbox 910 2999 1056 3051; x_wconf 87' lang='lat' dir='ltr'>declaratur</span> <span class='ocrx_word' id='word_1_226' title='bbox 1071 3001 1099 3064; x_wconf 92' lang='lat'>1,</span> <span class='ocrx_word' id='word_1_227' title='bbox 1116 3001 1140 3052; x_wconf 92' lang='grc'>5.</span> <span class='ocrx_word' id='word_1_228' title='bbox 1159 3003 1200 3052; x_wconf 98' lang='grc'>10.</span> 
     </span>
    </p>

    <p class='ocr_par' dir='ltr' id='par_1_6' title="bbox 293 3074 1404 4408">
     <span class='ocr_line' id='line_1_27' title="bbox 349 3074 1403 3148; baseline 0.004 -18"><span class='ocrx_word' id='word_1_229' title='bbox 349 3080 375 3142; x_wconf 76' lang='grc'>1)</span> <span class='ocrx_word' id='word_1_230' title='bbox 400 3074 453 3130; x_wconf 81' lang='lat' dir='ltr'>cfr.</span> <span class='ocrx_word' id='word_1_231' title='bbox 478 3079 550 3132; x_wconf 81' lang='lat' dir='ltr'>Rieu.</span> <span class='ocrx_word' id='word_1_232' title='bbox 567 3081 707 3134; x_wconf 87' lang='lat' dir='ltr'>Narrative</span> <span class='ocrx_word' id='word_1_233' title='bbox 731 3085 761 3134; x_wconf 87' lang='lat' dir='ltr'>of</span> <span class='ocrx_word' id='word_1_234' title='bbox 782 3099 799 3135; x_wconf 85' lang='lat' dir='ltr'>a</span> <span class='ocrx_word' id='word_1_235' title='bbox 820 3083 961 3135; x_wconf 85' lang='lat' dir='ltr'>Residenco</span> <span class='ocrx_word' id='word_1_236' title='bbox 983 3086 1009 3134; x_wconf 91' lang='lat' dir='ltr'>in</span> <span class='ocrx_word' id='word_1_237' title='bbox 1032 3084 1204 3148; x_wconf 80' lang='lat' dir='ltr'>Koortlistan,</span> <span class='ocrx_word' id='word_1_238' title='bbox 1225 3083 1308 3138; x_wconf 85' lang='lat' dir='ltr'>Lond.</span> <span class='ocrx_word' id='word_1_239' title='bbox 1327 3083 1403 3146; x_wconf 84' lang='grc'><strong>1886,</strong></span> 
     </span>
     <span class='ocr_line' id='line_1_28' title="bbox 299 3163 1404 3234; baseline 0.007 -22"><span class='ocrx_word' id='word_1_240' title='bbox 299 3164 315 3212; x_wconf 78' lang='grc'>8</span> <span class='ocrx_word' id='word_1_241' title='bbox 334 3163 395 3214; x_wconf 88' lang='lat' dir='ltr'>voll.</span> <span class='ocrx_word' id='word_1_242' title='bbox 431 3164 588 3218; x_wconf 84' lang='lat' dir='ltr'>Avuswonru</span> <span class='ocrx_word' id='word_1_243' title='bbox 607 3169 715 3218; x_wconf 82' lang='lat' dir='ltr'>Travcls</span> <span class='ocrx_word' id='word_1_244' title='bbox 733 3170 784 3219; x_wconf 87' lang='lat' dir='ltr'>and</span> <span class='ocrx_word' id='word_1_245' title='bbox 801 3167 958 3219; x_wconf 86' lang='lat' dir='ltr'>Resesrches</span> <span class='ocrx_word' id='word_1_246' title='bbox 977 3170 1004 3218; x_wconf 91' lang='lat' dir='ltr'>in</span> <span class='ocrx_word' id='word_1_247' title='bbox 1021 3171 1087 3220; x_wconf 80' lang='lat' dir='ltr'>Asia</span> <span class='ocrx_word' id='word_1_248' title='bbox 1103 3169 1198 3232; x_wconf 86' lang='lat' dir='ltr'>Minor,</span> <span class='ocrx_word' id='word_1_249' title='bbox 1214 3169 1404 3234; x_wconf 78' lang='lat' dir='ltr'>Mesopotamia</span> 
     </span>
     <span class='ocr_line' id='line_1_29' title="bbox 296 3251 1402 3316; baseline 0.003 -16"><span class='ocrx_word' id='word_1_250' title='bbox 296 3257 330 3301; x_wconf 88' lang='lat' dir='ltr'>ot.</span> <span class='ocrx_word' id='word_1_251' title='bbox 351 3251 533 3303; x_wconf 73' lang='grc'><strong>18411181.</strong></span> <span class='ocrx_word' id='word_1_252' title='bbox 568 3251 828 3304; x_wconf 74' lang='grc' dir='ltr'><strong>Β8π18111811111111</strong></span> <span class='ocrx_word' id='word_1_253' title='bbox 850 3255 1003 3305; x_wconf 89' lang='lat' dir='ltr'>Monument</span> <span class='ocrx_word' id='word_1_254' title='bbox 1025 3255 1058 3304; x_wconf 87' lang='lat' dir='ltr'>dc</span> <span class='ocrx_word' id='word_1_255' title='bbox 1078 3253 1187 3316; x_wconf 85' lang='lat' dir='ltr'>Ninive,</span> <span class='ocrx_word' id='word_1_256' title='bbox 1209 3252 1317 3303; x_wconf 84' lang='lat' dir='ltr'>Parisiis</span> <span class='ocrx_word' id='word_1_257' title='bbox 1336 3253 1402 3303; x_wconf 78' lang='grc'><strong>1847</strong></span> 
     </span>
     <span class='ocr_line' id='line_1_30' title="bbox 298 3335 1403 3399; baseline 0.002 -15"><span class='ocrx_word' id='word_1_258' title='bbox 298 3335 379 3384; x_wconf 83' lang='grc'><strong>-50,</strong></span> <span class='ocrx_word' id='word_1_259' title='bbox 398 3336 413 3386; x_wconf 95' lang='grc'><strong>5</strong></span> <span class='ocrx_word' id='word_1_260' title='bbox 432 3336 493 3385; x_wconf 91' lang='lat' dir='ltr'>voll.</span> <span class='ocrx_word' id='word_1_261' title='bbox 511 3336 556 3387; x_wconf 84' lang='lat' dir='ltr'>iol.</span> <span class='ocrx_word' id='word_1_262' title='bbox 590 3340 626 3390; x_wconf 86' lang='lat' dir='ltr'>A.</span> <span class='ocrx_word' id='word_1_263' title='bbox 643 3340 677 3390; x_wconf 84' lang='lat' dir='ltr'>H.</span> <span class='ocrx_word' id='word_1_264' title='bbox 695 3341 802 3390; x_wconf 77' lang='lat' dir='ltr'>Larasa</span> <span class='ocrx_word' id='word_1_265' title='bbox 820 3339 986 3390; x_wconf 85' lang='lat' dir='ltr'>Monumeuts</span> <span class='ocrx_word' id='word_1_266' title='bbox 1005 3339 1035 3388; x_wconf 84' lang='lat' dir='ltr'>oi</span> <span class='ocrx_word' id='word_1_267' title='bbox 1049 3337 1179 3399; x_wconf 87' lang='lat' dir='ltr'>Niniveh,</span> <span class='ocrx_word' id='word_1_268' title='bbox 1196 3335 1308 3385; x_wconf 88' lang='lat' dir='ltr'>Londinl</span> <span class='ocrx_word' id='word_1_269' title='bbox 1326 3335 1403 3398; x_wconf 84' lang='grc'><strong>1848,</strong></span> 
     </span>
     <span class='ocr_line' id='line_1_31' title="bbox 296 3417 1402 3484; baseline 0.003 -17"><span class='ocrx_word' id='word_1_270' title='bbox 296 3417 341 3468; x_wconf 77' lang='lat' dir='ltr'>iol,</span> <span class='ocrx_word' id='word_1_271' title='bbox 375 3419 498 3469; x_wconf 83' lang='lat' dir='ltr'>Eiusdem</span> <span class='ocrx_word' id='word_1_272' title='bbox 522 3421 641 3473; x_wconf 85' lang='lat' dir='ltr'>Nineveh</span> <span class='ocrx_word' id='word_1_273' title='bbox 663 3424 715 3474; x_wconf 85' lang='lat' dir='ltr'>and</span> <span class='ocrx_word' id='word_1_274' title='bbox 737 3427 770 3474; x_wconf 89' lang='lat' dir='ltr'>its</span> <span class='ocrx_word' id='word_1_275' title='bbox 793 3425 917 3484; x_wconf 83' lang='lat' dir='ltr'>remeius,</span> <span class='ocrx_word' id='word_1_276' title='bbox 943 3425 958 3472; x_wconf 78' lang='lat'><strong><em>2</em></strong></span> <span class='ocrx_word' id='word_1_277' title='bbox 980 3423 1040 3472; x_wconf 86' lang='lat' dir='ltr'>voll.</span> <span class='ocrx_word' id='word_1_278' title='bbox 1066 3425 1105 3483; x_wconf 93' lang='grc'>8.,</span> <span class='ocrx_word' id='word_1_279' title='bbox 1129 3421 1205 3470; x_wconf 86' lang='lat' dir='ltr'>tertio</span> <span class='ocrx_word' id='word_1_280' title='bbox 1224 3418 1294 3468; x_wconf 83' lang='lat' dir='ltr'>adita</span> <span class='ocrx_word' id='word_1_281' title='bbox 1318 3419 1402 3470; x_wconf 76' lang='lat' dir='ltr'>lond.</span> 
     </span>
     <span class='ocr_line' id='line_1_32' title="bbox 298 3501 1402 3568; baseline 0.005 -17"><span class='ocrx_word' id='word_1_282' title='bbox 298 3503 379 3564; x_wconf 90' lang='grc'><strong>1850,</strong></span> <span class='ocrx_word' id='word_1_283' title='bbox 395 3510 485 3554; x_wconf 87' lang='lat' dir='ltr'>nostro</span> <span class='ocrx_word' id='word_1_284' title='bbox 497 3519 615 3558; x_wconf 86' lang='lat' dir='ltr'>sermone</span> <span class='ocrx_word' id='word_1_285' title='bbox 631 3507 735 3557; x_wconf 86' lang='lat' dir='ltr'>reddita</span> <span class='ocrx_word' id='word_1_286' title='bbox 745 3509 917 3558; x_wconf 80' lang='lat' dir='ltr'>aMmssunuo</span> <span class='ocrx_word' id='word_1_287' title='bbox 936 3503 1063 3568; x_wconf 86' lang='lat' dir='ltr'>,Nluireh</span> <span class='ocrx_word' id='word_1_288' title='bbox 1081 3503 1134 3552; x_wconf 91' lang='lat' dir='ltr'>und</span> <span class='ocrx_word' id='word_1_289' title='bbox 1151 3502 1222 3550; x_wconf 88' lang='lat' dir='ltr'>seins</span> <span class='ocrx_word' id='word_1_290' title='bbox 1239 3501 1402 3567; x_wconf 83' lang='lat' dir='ltr'>Ueberraats,</span> 
     </span>
     <span class='ocr_line' id='line_1_33' title="bbox 297 3585 1402 3654; baseline 0.003 -18"><span class='ocrx_word' id='word_1_291' title='bbox 297 3587 384 3651; x_wconf 82' lang='lat' dir='ltr'>Leipa.</span> <span class='ocrx_word' id='word_1_292' title='bbox 403 3590 478 3640; x_wconf 89' lang='grc'><strong>1850.</strong></span> <span class='ocrx_word' id='word_1_293' title='bbox 511 3588 625 3640; x_wconf 87' lang='lat' dir='ltr'>Primam</span> <span class='ocrx_word' id='word_1_294' title='bbox 643 3592 728 3654; x_wconf 83' lang='lat' dir='ltr'>operis</span> <span class='ocrx_word' id='word_1_295' title='bbox 745 3589 820 3640; x_wconf 88' lang='lat' dir='ltr'>huius</span> <span class='ocrx_word' id='word_1_296' title='bbox 835 3597 937 3652; x_wconf 87' lang='lat' dir='ltr'>partem</span> <span class='ocrx_word' id='word_1_297' title='bbox 951 3590 1086 3640; x_wconf 77' lang='lat' dir='ltr'>Larumna</span> <span class='ocrx_word' id='word_1_298' title='bbox 1105 3585 1258 3638; x_wconf 89' lang='lat' dir='ltr'>succinctam</span> <span class='ocrx_word' id='word_1_299' title='bbox 1275 3590 1357 3652; x_wconf 75' lang='lat' dir='ltr'>magis</span> <span class='ocrx_word' id='word_1_300' title='bbox 1374 3596 1402 3638; x_wconf 82' lang='lat' dir='ltr'>st</span> 
     </span>
     <span class='ocr_line' id='line_1_34' title="bbox 296 3659 1401 3736; baseline 0.005 -18"><span class='ocrx_word' id='word_1_301' title='bbox 296 3673 424 3720; x_wconf 90' lang='lat' dir='ltr'>communi</span> <span class='ocrx_word' id='word_1_302' title='bbox 441 3673 579 3736; x_wconf 82' lang='lat' dir='ltr'>legentium</span> <span class='ocrx_word' id='word_1_303' title='bbox 597 3675 654 3722; x_wconf 87' lang='lat' dir='ltr'>usui</span> <span class='ocrx_word' id='word_1_304' title='bbox 672 3674 926 3736; x_wconf 74' lang='lat' dir='ltr'>destinatam,edidit</span> <span class='ocrx_word' id='word_1_305' title='bbox 944 3675 1020 3734; x_wconf 83' lang='grc'><strong>1851,</strong></span> <span class='ocrx_word' id='word_1_306' title='bbox 1039 3659 1083 3720; x_wconf 78' lang='lat'>12:</span> <span class='ocrx_word' id='word_1_307' title='bbox 1107 3671 1147 3732; x_wconf 83' lang='lat' dir='ltr'>,A</span> <span class='ocrx_word' id='word_1_308' title='bbox 1166 3671 1276 3734; x_wconf 84' lang='lat' dir='ltr'>popular</span> <span class='ocrx_word' id='word_1_309' title='bbox 1294 3679 1401 3722; x_wconf 84' lang='lat' dir='ltr'>account</span> 
     </span>
     <span class='ocr_line' id='line_1_35' title="bbox 295 3754 1399 3819; baseline 0.005 -17"><span class='ocrx_word' id='word_1_310' title='bbox 295 3754 326 3803; x_wconf 81' lang='lat' dir='ltr'>oi</span> <span class='ocrx_word' id='word_1_311' title='bbox 345 3754 498 3806; x_wconf 86' lang='lat' dir='ltr'>discoverias</span> <span class='ocrx_word' id='word_1_312' title='bbox 521 3763 548 3806; x_wconf 95' lang='grc'>81</span> <span class='ocrx_word' id='word_1_313' title='bbox 565 3757 698 3807; x_wconf 85' lang='lat' dir='ltr'>Nineveh“</span> <span class='ocrx_word' id='word_1_314' title='bbox 718 3764 765 3819; x_wconf 82' lang='lat' dir='ltr'>ct,</span> <span class='ocrx_word' id='word_1_315' title='bbox 788 3755 1218 3818; x_wconf 80' lang='lat' dir='ltr'>abeod.Ms1ssnunogermanioc</span> <span class='ocrx_word' id='word_1_316' title='bbox 1238 3757 1399 3807; x_wconf 82' lang='lat' dir='ltr'>translatam.</span> 
     </span>
     <span class='ocr_line' id='line_1_36' title="bbox 295 3833 1399 3904; baseline 0.005 -19"><span class='ocrx_word' id='word_1_317' title='bbox 295 3833 437 3896; x_wconf 82' lang='lat' dir='ltr'>(Fanrcsun</span> <span class='ocrx_word' id='word_1_318' title='bbox 453 3838 537 3888; x_wconf 83' lang='lat' dir='ltr'>Notos</span> <span class='ocrx_word' id='word_1_319' title='bbox 554 3839 619 3890; x_wconf 82' lang='lat' dir='ltr'>from</span> <span class='ocrx_word' id='word_1_320' title='bbox 637 3839 756 3890; x_wconf 82' lang='lat' dir='ltr'>Nineveh</span> <span class='ocrx_word' id='word_1_321' title='bbox 770 3842 821 3890; x_wconf 89' lang='lat' dir='ltr'>and</span> <span class='ocrx_word' id='word_1_322' title='bbox 839 3841 946 3890; x_wconf 87' lang='lat' dir='ltr'>Travels</span> <span class='ocrx_word' id='word_1_323' title='bbox 968 3841 995 3889; x_wconf 91' lang='lat' dir='ltr'>in</span> <span class='ocrx_word' id='word_1_324' title='bbox 1013 3839 1215 3902; x_wconf 81' lang='lat' dir='ltr'>Mesopotamia,</span> <span class='ocrx_word' id='word_1_325' title='bbox 1237 3842 1348 3904; x_wconf 87' lang='lat' dir='ltr'>Assyria</span> <span class='ocrx_word' id='word_1_326' title='bbox 1364 3847 1399 3892; x_wconf 90' lang='lat' dir='ltr'>ct.</span> 
     </span>
     <span class='ocr_line' id='line_1_37' title="bbox 294 3920 1399 3988; baseline 0.004 -18"><span class='ocrx_word' id='word_1_327' title='bbox 294 3920 377 3970; x_wconf 87' lang='lat' dir='ltr'>Lond.</span> <span class='ocrx_word' id='word_1_328' title='bbox 402 3923 476 3972; x_wconf 89' lang='grc'><strong>1850.</strong></span> <span class='ocrx_word' id='word_1_329' title='bbox 500 3921 599 3983; x_wconf 79' lang='grc'><strong>88811.)</strong></span> <span class='ocrx_word' id='word_1_330' title='bbox 616 3947 646 3959; x_wconf 89' lang='grc'><strong>-</strong></span> <span class='ocrx_word' id='word_1_331' title='bbox 666 3923 707 3972; x_wconf 84' lang='lat' dir='ltr'>Ex</span> <span class='ocrx_word' id='word_1_332' title='bbox 730 3925 770 3973; x_wconf 91' lang='lat' dir='ltr'>his</span> <span class='ocrx_word' id='word_1_333' title='bbox 792 3925 866 3987; x_wconf 87' lang='lat' dir='ltr'>quasi</span> <span class='ocrx_word' id='word_1_334' title='bbox 889 3924 1003 3974; x_wconf 84' lang='lat' dir='ltr'>fontibus</span> <span class='ocrx_word' id='word_1_335' title='bbox 1026 3937 1110 3974; x_wconf 84' lang='lat' dir='ltr'>rerum</span> <span class='ocrx_word' id='word_1_336' title='bbox 1134 3923 1179 3974; x_wconf 89' lang='lat' dir='ltr'>alii</span> <span class='ocrx_word' id='word_1_337' title='bbox 1201 3923 1269 3988; x_wconf 82' lang='lat' dir='ltr'>iique</span> <span class='ocrx_word' id='word_1_338' title='bbox 1291 3925 1399 3974; x_wconf 88' lang='lat' dir='ltr'>minoris</span> 
     </span>
     <span class='ocr_line' id='line_1_38' title="bbox 295 4003 1399 4073; baseline 0.004 -19"><span class='ocrx_word' id='word_1_339' title='bbox 295 4003 406 4054; x_wconf 85' lang='lat' dir='ltr'>ambitus</span> <span class='ocrx_word' id='word_1_340' title='bbox 424 4005 483 4055; x_wconf 90' lang='lat' dir='ltr'>libri</span> <span class='ocrx_word' id='word_1_341' title='bbox 501 4006 610 4056; x_wconf 89' lang='lat' dir='ltr'>derivati</span> <span class='ocrx_word' id='word_1_342' title='bbox 628 4015 702 4069; x_wconf 89' lang='lat' dir='ltr'>suut,</span> <span class='ocrx_word' id='word_1_343' title='bbox 722 4006 813 4072; x_wconf 88' lang='lat' dir='ltr'>quibus</span> <span class='ocrx_word' id='word_1_344' title='bbox 830 4021 896 4070; x_wconf 87' lang='lat' dir='ltr'>quae</span> <span class='ocrx_word' id='word_1_345' title='bbox 914 4023 928 4058; x_wconf 92' lang='lat' dir='ltr'>e</span> <span class='ocrx_word' id='word_1_346' title='bbox 945 4008 971 4057; x_wconf 91' lang='lat' dir='ltr'>ll.</span> <span class='ocrx_word' id='word_1_347' title='bbox 990 4021 1024 4058; x_wconf 88' lang='lat' dir='ltr'>ss.</span> <span class='ocrx_word' id='word_1_348' title='bbox 1042 4016 1207 4072; x_wconf 86' lang='lat' dir='ltr'>veterumque</span> <span class='ocrx_word' id='word_1_349' title='bbox 1224 4009 1323 4073; x_wconf 82' lang='lat' dir='ltr'>scriptis</span> <span class='ocrx_word' id='word_1_350' title='bbox 1340 4016 1366 4058; x_wconf 88' lang='lat' dir='ltr'>ct</span> <span class='ocrx_word' id='word_1_351' title='bbox 1384 4024 1399 4058; x_wconf 91' lang='grc'>8</span> 
     </span>
     <span class='ocr_line' id='line_1_39' title="bbox 294 4089 1396 4158; baseline 0.003 -22"><span class='ocrx_word' id='word_1_352' title='bbox 294 4089 466 4138; x_wconf 85' lang='lat' dir='ltr'>monumentis</span> <span class='ocrx_word' id='word_1_353' title='bbox 483 4089 516 4139; x_wconf 87' lang='lat' dir='ltr'>de</span> <span class='ocrx_word' id='word_1_354' title='bbox 533 4091 643 4153; x_wconf 85' lang='lat' dir='ltr'>Assyria</span> <span class='ocrx_word' id='word_1_355' title='bbox 660 4093 811 4156; x_wconf 85' lang='lat' dir='ltr'>antiquitate</span> <span class='ocrx_word' id='word_1_356' title='bbox 829 4099 1024 4156; x_wconf 84' lang='lat' dir='ltr'>cognoscuntur,</span> <span class='ocrx_word' id='word_1_357' title='bbox 1041 4093 1142 4144; x_wconf 85' lang='lat' dir='ltr'>brevius</span> <span class='ocrx_word' id='word_1_358' title='bbox 1161 4093 1296 4144; x_wconf 84' lang='lat' dir='ltr'>uberiusvo</span> <span class='ocrx_word' id='word_1_359' title='bbox 1314 4093 1396 4158; x_wconf 68' lang='lat' dir='ltr'>expli,-</span> 
     </span>
     <span class='ocr_line' id='line_1_40' title="bbox 293 4169 1397 4240; baseline 0.008 -21"><span class='ocrx_word' id='word_1_360' title='bbox 293 4178 395 4233; x_wconf 66' lang='lat' dir='ltr'>cantum</span> <span class='ocrx_word' id='word_1_361' title='bbox 419 4173 487 4222; x_wconf 82' lang='lat' dir='ltr'>inter</span> <span class='ocrx_word' id='word_1_362' title='bbox 503 4169 567 4237; x_wconf 86' lang='lat' dir='ltr'>quos</span> <span class='ocrx_word' id='word_1_363' title='bbox 587 4175 668 4236; x_wconf 89' lang='lat' dir='ltr'>primo</span> <span class='ocrx_word' id='word_1_364' title='bbox 685 4175 743 4226; x_wconf 88' lang='lat' dir='ltr'>loco</span> <span class='ocrx_word' id='word_1_365' title='bbox 760 4177 932 4238; x_wconf 85' lang='lat' dir='ltr'>appellamus:</span> <span class='ocrx_word' id='word_1_366' title='bbox 956 4179 1010 4228; x_wconf 88' lang='lat' dir='ltr'>Ios.</span> <span class='ocrx_word' id='word_1_367' title='bbox 1028 4178 1141 4240; x_wconf 75' lang='lat' dir='ltr'>Bosora,</span> <span class='ocrx_word' id='word_1_368' title='bbox 1164 4176 1277 4228; x_wconf 88' lang='lat' dir='ltr'>Niniveh</span> <span class='ocrx_word' id='word_1_369' title='bbox 1295 4176 1346 4226; x_wconf 88' lang='lat' dir='ltr'>and</span> <span class='ocrx_word' id='word_1_370' title='bbox 1363 4178 1397 4228; x_wconf 92' lang='lat' dir='ltr'>its</span> 
     </span>
     <span class='ocr_line' id='line_1_41' title="bbox 294 4253 1396 4326; baseline 0.007 -24"><span class='ocrx_word' id='word_1_371' title='bbox 294 4253 414 4317; x_wconf 75' lang='lat' dir='ltr'>Falacer,</span> <span class='ocrx_word' id='word_1_372' title='bbox 437 4257 520 4308; x_wconf 85' lang='lat' dir='ltr'>Lond.</span> <span class='ocrx_word' id='word_1_373' title='bbox 539 4259 618 4320; x_wconf 79' lang='grc'><strong>1852,</strong></span> <span class='ocrx_word' id='word_1_374' title='bbox 642 4261 671 4321; x_wconf 93' lang='grc'>8,</span> <span class='ocrx_word' id='word_1_375' title='bbox 694 4263 737 4326; x_wconf 93' lang='lat' dir='ltr'>qui</span> <span class='ocrx_word' id='word_1_376' title='bbox 755 4267 832 4312; x_wconf 81' lang='lat' dir='ltr'>antes</span> <span class='ocrx_word' id='word_1_377' title='bbox 847 4262 939 4314; x_wconf 86' lang='lat' dir='ltr'>edidit:</span> <span class='ocrx_word' id='word_1_378' title='bbox 968 4263 1025 4313; x_wconf 86' lang='lat' dir='ltr'>The</span> <span class='ocrx_word' id='word_1_379' title='bbox 1042 4263 1132 4315; x_wconf 90' lang='lat' dir='ltr'>burisd</span> <span class='ocrx_word' id='word_1_380' title='bbox 1151 4263 1203 4325; x_wconf 86' lang='lat' dir='ltr'>city</span> <span class='ocrx_word' id='word_1_381' title='bbox 1220 4262 1250 4310; x_wconf 85' lang='lat' dir='ltr'>oi</span> <span class='ocrx_word' id='word_1_382' title='bbox 1264 4260 1307 4310; x_wconf 90' lang='lat' dir='ltr'>tho</span> <span class='ocrx_word' id='word_1_383' title='bbox 1324 4260 1396 4324; x_wconf 84' lang='lat' dir='ltr'>East,</span> 
     </span>
     <span class='ocr_line' id='line_1_42' title="bbox 293 4335 1396 4408; baseline 0.009 -24"><span class='ocrx_word' id='word_1_384' title='bbox 293 4335 426 4401; x_wconf 83' lang='lat' dir='ltr'>Nineveh,</span> <span class='ocrx_word' id='word_1_385' title='bbox 445 4340 505 4394; x_wconf 88' lang='lat' dir='ltr'>lbid.</span> <span class='ocrx_word' id='word_1_386' title='bbox 527 4345 600 4396; x_wconf 90' lang='grc'><strong>1851.</strong></span> <span class='ocrx_word' id='word_1_387' title='bbox 619 4348 642 4396; x_wconf 91' lang='grc'>8.</span> <span class='ocrx_word' id='word_1_388' title='bbox 678 4347 745 4399; x_wconf 75' lang='lat' dir='ltr'>&#39;lum</span> <span class='ocrx_word' id='word_1_389' title='bbox 764 4361 825 4399; x_wconf 87' lang='lat' dir='ltr'>vero</span> <span class='ocrx_word' id='word_1_390' title='bbox 842 4347 917 4398; x_wconf 79' lang='lat' dir='ltr'>Vaux</span> <span class='ocrx_word' id='word_1_391' title='bbox 933 4347 1052 4399; x_wconf 85' lang='lat' dir='ltr'>Nineveh</span> <span class='ocrx_word' id='word_1_392' title='bbox 1069 4347 1121 4398; x_wconf 83' lang='lat' dir='ltr'>and</span> <span class='ocrx_word' id='word_1_393' title='bbox 1139 4345 1396 4408; x_wconf 78' lang='lat' dir='ltr'>Persepolis,·tertio</span> 
     </span>
    </p>
   </div>
   <div class='ocr_carea' id='block_1_5' title="bbox 0 0 1566 4988">
    <p class='ocr_par' dir='ltr' id='par_1_7' title="bbox 0 0 1566 4988">
     <span class='ocr_line' id='line_1_43' title="bbox 0 0 1566 4988; baseline 0 3"><span class='ocrx_word' id='word_1_394' title='bbox 0 0 1566 4988; x_wconf 95' lang='lat' dir='ltr'> </span> 
     </span>
    </p>
   </div>
  </div>
 </body>
</html>
