3126 5000
656 277 729 338 CAP.
740 278 772 351 Ι,
788 297 818 339 v.
832 282 855 336 l.
1286 271 1305 342 7

203 464 342 524 Percellit
357 471 457 524 antem
473 462 564 539 plaga
579 456 682 522 divina
698 459 812 524 Ninum
827 466 926 536 caput
944 459 1031 536 regni
1049 477 1108 525 noo
1131 467 1245 522 tuntum
1262 469 1307 520 to·

203 565 262 626 tius
278 564 412 642 corporis
429 564 513 636 loco,
538 563 590 624 sed
609 582 667 624 una
682 561 773 622 etiam
790 580 856 620 cum
874 579 925 634 eo,
949 559 1035 620 sicuti
1060 560 1235 637 saepissime
1250 562 1310 622 hoc

201 665 232 724 in
255 684 361 743 genere
382 663 596 740 Hierosolyma
620 683 675 740 pro
700 663 826 735 Iudaea,
851 659 988 726 Samaria
1009 680 1065 737 pro
1089 661 1217 735 Israele,
1242 661 1306 722 Da-

203 785 320 826 mascus
337 783 393 842 pro
410 763 500 841 Syria
516 773 675 840 ponuntur.
710 763 791 828 Nam
806 763 838 822 in
856 781 943 840 quem
961 761 1047 839 qnasi
1061 761 1192 822 medium
1207 762 1306 824 locum

203 871 392 942 peccatorum
422 864 520 926 ubivis
550 864 774 930 commissorum
804 863 934 940 undiquc
962 863 1080 930 redibat
1113 863 1246 939 gratim
1276 872 1307 924 et

201 965 360 1038 atrocitas,
379 984 414 1024 eo
432 983 550 1042 quoqne
566 985 728 1042 poenarum
745 965 820 1026 ictus
838 961 927 1042 dirigi
944 963 1074 1025 maxime
1090 965 1258 1040 oportebat.

249 1066 356 1126 Altera
372 1065 451 1126 tituli
467 1084 538 1142 pars
560 1075 710 1128 auctorem
727 1074 835 1138 notar,
852 1078 910 1141 nvn
927 1079 1000 1134 nun
1035 1064 1162 1143 Exque
1179 1065 1221 1124 de·
1232 1083 1303 1141 pro-

200 1167 355 1242 phetarum
378 1166 503 1239 scholis,
527 1186 603 1244 quas
627 1167 743 1242 dicunt,
767 1166 842 1226 nihil
858 1164 986 1242 amplius
1008 1164 1136 1237 traditur
1159 1165 1192 1226 in
1216 1165 1308 1226 libris.

199 1266 306 1339 sacris,
331 1276 402 1344 post
417 1267 504 1328 Elias
527 1287 631 1344 nempe
648 1276 869 1346 tempestatem,
892 1265 1034 1344 gravibus
1050 1265 1112 1332 illis
1130 1274 1159 1328 et
1170 1265 1301 1336 ¹funestis

198 1367 301 1444 populi
318 1368 436 1431 casibus
453 1368 577 1445 propius
599 1368 695 1430 indies
718 1368 926 1442 instantibus,¹
937 1385 1052 1427 summa
1070 1365 1208 1443 deinceps
1225 1367 1300 1426 vati·

197 1467 277 1528 oinia
292 1469 438 1545 perscribi
453 1478 560 1545 coepta
577 1478 667 1542 sunt,
677 1469 768 1548 idque
784 1469 886 1531 divino
903 1467 1003 1541 iussu,
1027 1475 1060 1528 ut
1076 1467 1196 1544 saepius
1213 1466 1299 1526 doce-

197 1587 279 1643 mur,
305 1568 363 1628 les.
375 1569 465 1641 VIII,
485 1574 583 1640 1-163
607 1569 719 1642 XXX,
743 1574 774 1643 83
799 1569 1034 1641 Hao.11‚a.3;
1058 1568 1162 1628 Ierem.
1176 1568 1298 1640 XXIX,

200 1674 284 1742 les.;
310 1669 390 1727 Dan.
403 1669 480 1742 VH,
506 1673 539 1741 l;
564 1669 642 1741 XII,
667 1675 693 1728 4.
713 1674 744 1742 9,
768 1689 822 1728 nec
844 1669 875 1727 in
898 1667 1065 1727 futurorum
1089 1676 1203 1727 tantum
1224 1676 1297 1727 tem-

197 1787 303 1844 porum
319 1787 406 1828 usum
421 1769 478 1828 Ies.
492 1769 603 1842 XXX,
622 1773 653 1842 83
675 1769 779 1828 Ierem.
793 1769 905 1842 XXX,
923 1773 949 1827 2.
968 1771 1000 1841 3,
1025 1788 1128 1827 verum
1145 1769 1298 1827 coaetanei

195 1867 285 1929 etiam
301 1869 418 1946 generis
434 1887 541 1928 caussa
557 1870 660 1928 Ierem.
673 1870 828 1942 XXXVI,
850 1874 932 1942 1-6,
957 1877 990 1927 ut
1006 1867 1122 1928 recitati
1138 1868 1169 1926 in
1187 1869 1297 1945 templo

194 1969 285 2029 latius
302 1969 532 2046 divulgarentur.
558 1969 659 2045 Quare
675 1991 741 2028 cum
754 1970 827 2029 nihil
845 1970 899 2045 sit,
918 1969 990 2048 quin
1006 1969 1203 2046 perscriptum
1219 1971 1298 2028 hunc

193 2069 303 2129 librum
327 2069 365 2128 ab
388 2069 455 2146 ipso
472 2069 613 2130 Nahnmo
637 2069 854 2144 existimemus,
877 2081 955 2143 tum,
980 2090 1057 2149 quae
1073 2078 1138 2129 erat
1159 2089 1194 2130 eo
1211 2089 1297 2147 prae·

194 2170 295 2230 sertim
323 2177 456 2247 tompore
478 2171 673 2250 Assyriorum
698 2191 785 2233 casus
814 2171 958 2233 divinitus
978 2171 1122 2248 praedicti
1151 2170 1295 2249 manas,

192 2271 288 2348 magis
304 2271 395 2332 etiam
411 2271 442 2330 irl
458 2273 724 2334 lianc'seut'entiam
737 2273 950 2349 compellimur.
973 2263 1177 2332 Admsansu
1189 2289 1294 2348 nugas,

193 2372 245 2449 qui
268 2391 285 2432 e
305 2372 399 2430 verbo
420 2378 479 2432 ico
500 2372 662 2446 conducit,
691 2372 862 2433 vaticinium
884 2379 1017 2432 nostnrm
1039 2370 1151 2447 scripto
1173 2371 1295 2432 manda·

191 2482 254 2530 tum
275 2481 307 2531 et
327 2471 450 2531 missum
472 2469 690 2532 Sennacheribo
715 2491 795 2546 esse,
818 2472 908 2552 idque
930 2471 969 2530 ob
994 2491 1060 2532 earn
1082 2471 1228 2532 rationem
1249 2473 1295 2532 t'a·

190 2580 286 2647 ctum,
309 2591 387 2651 quas
402 2571 556 2632 intercedit
573 2580 676 2632 nostro
692 2573 770 2635 libro
787 2591 854 2636 cum
870 2573 960 2646 bna,
986 2571 1122 2634 attulisse
1138 2573 1212 2632 satis
1229 2575 1293 2634 erit.

190 2673 334 2734 Adiectus
353 2673 499 2750 genitivus
520 2687 579 2750 pru
602 2675 748 2735 omnino
771 2672 1032 2751 propheticum
1054 2691 1138 2738 esse
1158 2672 1293 2734 librum

188 2775 331 2847 ostendit;
354 2793 521 2848 monemur,
545 2775 768 2835 describendum
784 2775 915 2837 hostium
930 2773 1081 2834 interitum
1097 2793 1152 2836 nec
1168 2793 1292 2852 conspe-

187 2883 265 2934 ctum
279 2874 373 2934 oculis
384 2893 463 2949 esse,
480 2894 534 2934 nec
545 2886 616 2952 post
628 2885 764 2936 eventum
776 2884 959 2948 enarratum,
971 2895 1067 2953 neque
1080 2875 1196 2934 ratione
1206 2883 1293 2935 autea

187 2985 216 3034 et
239 2975 408 3035 coniectura
430 2976 612 3051 nuntiatum,
641 2978 693 3036 sed
717 2977 817 3036 animo
839 2975 1024 3036 extrinsecus
1046 2986 1135 3053 rapto
1159 2975 1291 3035 oblatum

186 3095 240 3153 per
256 3075 383 3152 speciem
407 3084 437 3134 et
454 3075 614 3150 visionem,
640 3085 669 3134 et
686 3075 729 3136 sic
750 3085 921 3154 perceptum
943 3075 1038 3136 literis
1061 3075 1168 3135 exinde
1185 3097 1291 3136 exara·

186 3184 257 3234 tum.
299 3177 342 3234 Ae
357 3194 430 3234 vero
452 3175 529 3234 inter
552 3195 706 3236 commune
727 3176 944 3237 divinationum
967 3195 1059 3253 genus
1083 3185 1112 3234 et
1137 3195 1289 3236 sacrorum

186 3284 287 3337 vatum
305 3273 435 3335 visiones
452 3276 509 3332 hoc
525 3275 656 3334 maxime
677 3276 817 3350 interest,
842 3275 924 3354 quod
948 3275 1049 3334 divino
1067 3275 1174 3351 spiritu
1191 3283 1221 3334 et
1238 3296 1289 3334 ex·

186 3377 314 3436 citantur
332 3385 361 3434 et
379 3375 554 3462 diriguntur.
595 3374 695 3450 Quare
718 3377 780 3434 ncn'
800 3376 877 3435 male
894 3383 980 3434 notat
996 3375 1174 3450 turonos,
1197 3377 1290 3436 verba

185 3477 214 3536 'rr
236 3479 264 3538 'o
284 3477 417 3537 involute
429 3476 527 3536 dicere
542 3484 692 3536 auctorem
709 3477 796 3538 huius
813 3475 912 3536 oneris
929 3475 1139 3554 principalem,
1157 3477 1288 3538 ministe-

185 3575 287 3636 rialem
314 3577 423 3638 clarius
449 3576 593 3638 subiicere
613 3571 752 3653 scriptun
780 3591 863 3642 utut.
905 3576 964 3636 Dei
987 3585 1085 3638 autem
1114 3577 1206 3638 verba
1229 3597 1288 3638 non

184 3676 282 3760 audiri
299 3677 410 3751 solnm,
434 3679 486 3738 scd
505 3675 650 3754 explicari
673 3677 760 3740 etiam
783 3685 927 3753 tanquam
944 3676 1062 3752 divina,
1085 3698 1139 3738 uec
1155 3687 1188 3738 ut
1209 3699 1289 3740 mere

184 3777 314 3836 humana
329 3778 446 3838 debent.
464 3811 500 3822 -
534 3779 584 3838 De
599 3777 731 3838 Nahumi
747 3777 865 3838 nomine
882 3786 912 3838 et
927 3778 1027 3840 Elcesi
1051 3778 1110 3840 situ
1127 3780 1181 3838 cfr.
1198 3779 1287 3858 proll.

185 3891 246 3953 pun
266 3877 396 3954 regentis
413 3878 501 3938 simul
512 3879 596 3940 verbi
613 3887 642 3937 et
658 3879 731 3940 recti
744 3877 876 3954 fungitur
888 3878 1002 3941 vicibus
1014 3879 1145 3958 (Hira),
1162 3880 1193 3940 id
1206 3880 1287 3960 quod

184 3998 200 4036 e
218 3977 314 4037 vocali
332 3978 515 4054 subscripta,
535 3999 624 4056 quarn
640 3981 750 4040 Inuum
767 3988 797 4038 et
809 3981 926 4041 Acrae.
944 3991 1053 4042 temere
1069 3982 1285 4057 produxerunt,

185 4088 270 4138 etex
287 4079 490 4155 exemplorum
515 4079 706 4146 similitudine
728 4087 868 4157 apparet3
895 4080 947 4142 cfr.
966 4083 1025 4141 Ios.
1039 4081 1135 4154 XIX,
1154 4085 1204 4152 293
1227 4080 1285 4144 Ies.

183 4180 230 4253 II,
249 4185 298 4252 113
317 4179 369 4238 Ec.
385 4179 533 4253 XXXIV,
553 4186 593 4238 14.

232 4280 296 4340 lam
321 4301 391 4340 vero
416 4281 543 4359 primam
569 4281 647 4340 tituli
677 4288 791 4358 partem
815 4283 946 4358 spuriam
970 4282 1284 4358 asserendorum,
