3126 5000
649 347 723 410 Can.
736 350 767 425 Ι,
786 369 814 410 u.
829 353 870 409 14.
1266 345 1313 416 43

211 533 351 612 quonlam
368 532 540 611 saepissimo
557 533 713 594 coniuncta
727 531 771 594 ite
782 533 930 610 leguntur,
947 532 1142 610 praeterimus
1159 535 1191 610 3)
1205 535 1314 594 rationi

209 635 268 708 illi,
295 653 333 694 ex
357 653 417 712 qua
439 633 482 694 sic
503 633 587 693 audit
609 633 787 694 enuntiatio:
827 651 884 708 „ex
910 631 982 694 aede
1004 633 1052 692 dei
1073 633 1117 693 tui
1141 634 1313 694 exscindam

210 736 361 812 sculptile,
379 743 410 794 et
424 733 512 794 fusile
528 735 637 794 famam
654 735 820 812 sepulcrum
837 738 941 794 tuum“
959 731 1015 810 (nu
1028 732 1123 808 Duru,
1141 733 1312 814 Hortum),

209 836 278 896 licet
294 835 482 913 simplicitate
499 836 726 894 commendetur.
760 837 791 913 4)
803 836 920 895 Abesse
932 833 1062 894 maxime
1078 835 1117 894 ab
1134 835 1242 894 idonea
1261 853 1314 894 ex-

210 937 370 1014 plicatione
385 935 535 1009 cidentur,
560 935 668 1013 quihus
692 936 833 1012 templum
851 935 962 1008 estid,
987 934 1068 1012 quod
1090 935 1122 994 in
1146 927 1331 1013 sepulcrum

210 1043 430 1096 converteretur
445 1035 618 1114 (secundum
634 1036 691 1096 Ies.
704 1034 889 1110 XXXVIII,
908 1039 951 1108 at,
970 1036 1048 1096 unde
1065 1035 1138 1095 nihil
1155 1037 1314 1114 probatur)

209 1138 380 1210 Murranum,
397 1136 506 1210 Deus,
524 1137 677 1210 Rostrum,
696 1137 804 1214 quibus
821 1136 946 1197 assentit
963 1136 999 1195 F.
1010 1136 1214 1196 Bourmcnaa
1230 1136 1316 1214 (exe-

209 1237 354 1317 get-krit.
372 1237 551 1298 Aehrenlese
568 1255 597 1314 p.
610 1240 673 1317 40),
691 1257 779 1311 „cnm
797 1237 956 1298 verisimile
972 1244 1065 1310 esset,
1084 1238 1235 1298 destructa
1250 1235 1316 1296 ido-

209 1339 306 1398 lorum
330 1338 422 1415 adyta
444 1337 523 1398 haud
546 1357 616 1397 raro
639 1357 694 1415 pro
718 1338 861 1415 sepulcris
883 1357 948 1398 esse
972 1342 1146 1414 usurpata.“
1170 1371 1207 1382 —-
1242 1336 1315 1398 Sen-

210 1439 302 1498 tentia
318 1439 410 1516 Igitur
425 1439 498 1498 haec
514 1438 576 1498 iere
593 1447 652 1500 eet:
682 1437 835 1500 Idolorum
853 1439 1011 1500 simulacra
1028 1459 1044 1496 e
1062 1437 1180 1516 templis
1198 1439 1315 1498 exscin-

210 1541 330 1614 dantur,
354 1547 384 1598 et
403 1539 462 1616 ipsi
480 1540 566 1598 ruina
582 1557 684 1600 eorum
702 1539 907 1617 cooperientur
929 1547 958 1600 et
975 1539 1163 1616 sepelientur.
1199 1538 1316 1616 Quibus

211 1639 309 1700 verbis
327 1637 484 1700 Secheribi
503 1657 603 1698 necem
620 1639 677 1700 Iee.
692 1640 863 1712 XXXVII,
882 1643 931 1712 383
950 1639 1053 1716 tlteg.
1069 1639 1161 1712 XIX,
1179 1644 1213 1698 37
1230 1659 1316 1718 prac-

211 1741 269 1801 dici
295 1740 390 1816 probe
415 1739 589 1800 existimant
610 1740 647 1813 ii,
679 1741 729 1818 qui
758 1748 829 1802 ante
857 1739 970 1800 cladem
998 1739 1078 1816 apud
1103 1739 1318 1818 Hierosolyma

211 1840 348 1920 Assyriis
369 1840 509 1901 inflictam
534 1840 675 1901 cecinisse
699 1841 870 1901 Nahumum
898 1840 1094 1912 contendunt3
1120 1849 1152 1899 at
1175 1841 1317 1919 quoniam

212 1942 262 2001 diu
279 1949 385 2019 postea
403 1941 513 2002 editum
530 1959 596 2002 esse
612 1941 783 2002 vaticinium
800 1941 1018 2015 intelleximus,
1042 1941 1099 2000 hoc
1115 1948 1229 2000 tantum
1248 1961 1318 2006 con·

211 2043 356 2115 cedImus,
381 2051 510 2102 atrocem
527 2042 606 2120 regis
622 2042 703 2104 illius
721 2051 857 2103 eventum
875 2041 998 2120 respici,
1025 2049 1055 2100 et
1070 2041 1221 2102 interitum
1238 2041 1319 2103 haud

210 2143 305 2204 minus
334 2143 563 2221 ignominiosum
587 2144 643 2203 sub
664 2144 794 2222 imagine
819 2142 966 2204 consimili
994 2142 1151 2204 universae
1173 2145 1317 2221 Assyrio·

210 2264 275 2303 rum
293 2244 373 2321 genti
391 2243 570 2303 annuntiari.
597 2243 748 2304 Idolorum
766 2255 864 2304 autem
882 2243 1124 2304 commemoratio
1142 2253 1172 2302 et
1187 2243 1321 2303 vindicta

211 2343 249 2403 ad
266 2343 341 2403 alias
359 2362 479 2422 quoqne
495 2344 663 2404 revocanda
687 2363 809 2404 caussas
833 2352 891 2404 esta
918 2343 1061 2420 primum,
1086 2345 1168 2421 quod
1192 2343 1224 2402 in
1249 2345 1320 2404 deo·

211 2463 275 2502 rum
304 2444 342 2502 ab
366 2443 441 2520 ipsis
468 2443 654 2502 inventorum
684 2444 817 2520 potentia
846 2463 930 2502 suam
961 2444 1113 2519 ponebant
1137 2443 1265 2520 gloriam
1290 2451 1321 2504 et

211 2543 397 2621 snperbiam
416 2543 535 2617 deinde,
554 2543 635 2620 quod
652 2543 683 2604 in
700 2544 843 2622 religione
860 2551 890 2603 et
905 2543 1091 2621 mythologie
1108 2562 1163 2603 sua
1177 2544 1322 2622 cuiusque

210 2643 314 2723 populi
331 2642 446 2706 indoles
464 2662 609 2722 suumque
625 2645 775 2723 ingenium
789 2661 964 2723 expressum
979 2651 1040 2717 est;
1058 2653 1220 2721 postremo,
1240 2645 1322 2722 quod

211 2746 250 2808 ad
268 2744 413 2806 deiectum
431 2766 449 2806 e
466 2745 522 2804 deo
539 2745 609 2806 vivo
627 2765 757 2824 veroque
782 2755 811 2806 et
834 2753 1034 2804 creaturarum
1052 2745 1162 2804 cultum
1185 2753 1247 2805 tam
1264 2745 1321 2804 ini·

213 2846 340 2908 micinae
361 2847 505 2908 adversm
530 2846 671 2908 Israelem
694 2867 784 2924 quem
814 2847 947 2925 Ipsorum
973 2845 1194 2923 reprobationis
1216 2847 1322 2907 ultIma

213 2966 320 3008 caussa
336 2949 504 3008 revocanda
522 2956 576 3008 eet

263 3048 393 3108 Additur
410 3049 552 3126 denique,
572 3049 765 3127 quamobrem
783 3048 990 3126 exstinguendi
1008 3048 1067 3107 sint
1078 3047 1215 3126 Assyrii:
1234 3047 1320 3108 sicuti

212 3147 294 3207 idola
324 3149 453 3226 gentium
480 3166 568 3224 saepe
597 3149 723 3227 legimus
749 3144 851 3213 eththa
875 3147 968 3220 dicta,
999 3148 1042 3206 ita
1065 3149 1194 3208 cultores
1218 3167 1320 3208 eorum

213 3246 302 3308 etiam
319 3247 483 3324 pronihilo
500 3247 628 3307 habendi
645 3257 728 3307 sunt:
758 3243 832 3322 nthp
850 3263 899 3324 τι,
923 3266 1003 3306 nam
1021 3246 1116 3307 levis
1135 3265 1181 3306 es.
1225 3247 1319 3308 (iuius

213 3349 296 3408 verbi
309 3344 365 3426 hhp
380 3348 537 3426 genuinam
550 3356 727 3424 potestatem
741 3348 814 3406 bene
828 3347 984 3424 descripsit
995 3346 1205 3408 Gousssrmsr
1224 3355 1319 3421 „nota

213 3449 301 3525 Kal,
319 3448 427 3527 Niph.,
446 3449 513 3522 Hi,
532 3447 636 3526 Hithp.
655 3447 821 3526 elgniflcare
838 3447 1003 3520 levitatem,
1023 3465 1147 3524 eamque
1164 3447 1318 3526 physicam

213 3551 260 3610 vel
282 3551 456 3610 moralem.“
499 3548 549 3611 Sic
573 3551 601 3630 l)
619 3547 757 3627 exiguam
778 3547 822 3608 rei
845 3549 1039 3626 quantitatem
1064 3557 1093 3607 et
1115 3549 1318 3610 extensionem

213 3649 323 3710 indicat
340 3648 417 3712 Gen.
431 3650 521 3725 VIII,
540 3655 565 3710 8.
586 3655 635 3723 11,
661 3649 788 3728 indeque
811 3650 987 3711 transfertur
1009 3648 1047 3708 ad
1072 3647 1162 3708 animi
1185 3649 1320 3711 rationes

213 3749 276 3810 Iob.
287 3751 358 3824 XL,
376 3757 409 3824 45
428 3750 503 3811 Gen.
514 3751 605 3824 XVI,
622 3756 647 3810 4.
661 3754 677 3810 5
691 3770 768 3829 sequ
784 3750 888 3824 ΝΜ),
907 3750 998 3811 veluti
1010 3749 1061 3812 Ni.
1082 3755 1094 3808 1
1107 3747 1187 3811 Sam.
1201 3750 1319 3824 XVIII,

214 3853 264 3923 233
289 3851 391 3929 tReg.
405 3850 466 3924 III,
486 3855 532 3924 183
560 3852 678 3912 uberius
700 3851 856 3928 proposita
880 3850 1040 3912 similitudo
1058 3859 1104 3912 est
1120 3850 1199 3910 Dan.
1213 3850 1252 3926 V,
1270 3855 1319 3910 tt:

214 3968 345 4028 „pensus
362 3970 394 4012 es
410 3951 509 4023 lance,
528 3961 557 4011 et
574 3951 710 4010 inventus
728 3970 760 4012 es
779 3951 957 4024 deficiens;“
982 3952 1033 4030 qui
1051 3970 1156 4012 sensus
1172 3951 1204 4010 in
1221 3953 1320 4011 locum

214 4060 349 4112 nostrum
367 4051 477 4129 optime
501 4052 637 4129 quadret.
664 4051 785 4128 (H1rz.‚
803 4051 923 4125 Meum,
943 4053 1025 4129 Ew.)
1067 4053 1097 4129 2)
1115 4050 1176 4109 Alii
1195 4051 1320 4110 alteram

214 4153 296 4212 verbi
317 4153 466 4212 notionem
484 4153 701 4228 praetulerunt:
720 4152 821 4224 vilem,
841 4159 1020 4211 contemtum
1038 4171 1118 4223 esse,
1138 4151 1189 4210 cfr.
1210 4149 1319 4212 lSam.

216 4253 259 4327 Il,
277 4257 310 4312 30
318 4275 326 4328 ς
349 4253 459 4314 isam.
476 4253 533 4328 VI,
552 4257 600 4325 223
626 4251 770 4325 Glevum,
794 4250 947 4325 Vennum,
971 4251 1130 4324 uosmn,
1158 4250 1320 4324 Houuuu.;

215 4353 321 4431 quibus
345 4364 422 4416 recte
447 4353 643 4432 improbravit
665 4351 846 4425 Humerum
871 4373 930 4412 non
956 4372 1020 4414 esse
1044 4352 1124 4430 quod
1149 4351 1318 4430 sepeliatur,
