3126 5000
575 295 795 366 Cur.1,r.3a
808 329 828 338 -
841 301 866 354 6.
1224 293 1267 364 13

164 481 268 540 Ierem.
287 479 406 555 XLVI,
424 485 458 540 28
477 481 581 540 eodem
598 480 689 540 effato
706 479 852 540 clauditur
869 479 1039 540 vaticinium
1056 482 1268 560 deAegyptio·

164 601 229 639 rum
247 582 376 642 interitu.
410 581 553 642 Videmus
575 581 667 658 igitur
683 579 888 658 exstinguendi
904 589 1082 657 potestatem
1100 601 1153 640 nec
1170 602 1269 644 neces·

165 682 275 740 sariam
292 683 334 740 ibi
352 701 433 755 esse,
452 701 506 740 nec
523 683 561 741 ob
581 682 790 740 sententiarum
807 700 916 740 nexum
934 700 1029 759 aeque
1045 701 1110 742 esse
1130 683 1268 742 idoneam

165 790 255 859 atque
271 783 395 842 alteram
411 783 493 842 illam
511 782 658 852 insontem
675 782 858 855 declarandi,
876 783 1025 858 impunem
1043 783 1217 843 dimittendi.

216 882 301 956 Quae
318 901 384 941 cum
401 883 444 943 ita
461 882 538 955 sint,
562 883 690 960 genuina
706 884 863 942 verborum
886 890 1033 958 potestate
1056 884 1177 957 moniti,
1200 902 1268 944 sue·

164 984 252 1042 dente
273 983 394 1060 insuper
423 991 527 1060 aperto
555 982 625 1042 libri
647 983 738 1041 Ionae
766 993 918 1059 respectu,
949 983 1125 1044 hemistichii
1147 983 1269 1044 huiusce

164 1084 258 1142 rerba
273 1101 333 1142 non
350 1084 387 1142 ad
399 1084 541 1162 Israelem
558 1084 611 1143 sed
627 1084 667 1142 sd
678 1084 824 1161 Assyrios
835 1084 1012 1158 referamus,
1031 1103 1098 1144 cum
1112 1085 1268 1157 Msuomo,

165 1183 354 1256 Kunrusnro,
377 1184 565 1244 Knsuusuro
582 1185 633 1244 all.
668 1183 728 1259 Qui
749 1184 874 1244 alteram
898 1193 1061 1262 sequnntur
1082 1185 1269 1259 sententiam,

165 1284 334 1360 oppositam
350 1285 398 1343 hic
414 1285 513 1344 versui
536 1285 666 1344 secundo
688 1303 824 1346 caussam
849 1284 950 1344 iudicii
966 1285 1094 1344 habent:
1117 1305 1178 1344 non
1202 1305 1270 1346 acre

165 1384 261 1444 solum
278 1384 325 1444 dei
341 1385 490 1462 ingenium
507 1393 538 1444 et
552 1385 628 1444 iram
653 1393 683 1444 et
704 1385 864 1445 ulciscendi
887 1384 1077 1462 cupiditatem
1099 1387 1132 1444 in
1157 1386 1268 1458 hostes,

164 1503 267 1544 rerum
282 1485 405 1563 longum
422 1486 512 1544 etiem
529 1504 600 1563 erga
616 1494 733 1562 gentem
759 1505 844 1546 suem
861 1487 1006 1559 animum,
1032 1495 1062 1545 et
1084 1487 1269 1564 omnipoten-

164 1585 253 1658 tiam,
272 1605 333 1662 que
349 1587 467 1645 salvare
483 1605 548 1644 eum
561 1593 677 1662 potest,
695 1593 725 1644 et
737 1585 986 1661 misericordiam,
1004 1605 1065 1664 qua
1081 1588 1269 1664 exstinguere

165 1703 216 1744 eos
234 1697 263 1744 et
280 1685 377 1744 delere
393 1704 454 1744 non
471 1684 544 1744 vult.
576 1685 660 1760 Quae
677 1685 746 1744 licet
761 1685 915 1762 praeclara
932 1685 972 1745 sit
988 1686 1146 1764 cogitatio,
1165 1689 1270 1748 cedere

164 1793 263 1844 tamen
280 1785 461 1861 argumentis
478 1804 569 1861 supra
585 1785 730 1863 expositis
746 1786 874 1846 debebit.

215 1885 390 1958 „Hactenus
407 1893 505 1944 eutem
522 1886 642 1946 minime
659 1886 839 1960 declaratum,
858 1887 930 1965 quid
942 1885 1025 1946 Deus
1042 1895 1162 1948 acturus
1179 1889 1269 1948 modo

164 1993 258 2057 esset,
276 1985 323 2044 vel
340 1985 483 2046 adversus
497 1985 665 2060 Ninivitas,
684 1987 730 2046 vel
749 1988 892 2048 adversus
908 1987 1052 2059 Iudaeos,
1071 1989 1179 2048 nedum
1196 1989 1269 2067 quid

164 2086 272 2164 egerit,
290 2086 367 2144 siout
378 2086 514 2146 Hrsnou.
529 2088 600 2146 dicit
617 2105 683 2148 esse
696 2107 799 2148 vocem
815 2089 979 2166 prophetae
995 2087 1146 2149 laudantis
1159 2089 1268 2164 Deum,

164 2187 244 2263 quod
262 2187 299 2244 de
316 2187 451 2264 Assyriis
471 2188 576 2264 populi
593 2188 640 2248 sui
657 2188 736 2248 ultus
753 2188 793 2248 sit
808 2189 963 2261 iniuriam
980 2190 1033 2248 sed
1050 2188 1145 2265 ipsius
1162 2199 1270 2250 notura

163 2295 194 2346 et
210 2286 317 2364 egendi
335 2287 412 2346 ratio
428 2288 560 2362 docetur,
578 2307 645 2348 cum
660 2297 797 2365 respectu
812 2289 891 2348 forte
908 2289 1027 2367 quidem
1044 2289 1146 2366 aliquo
1163 2291 1204 2348 ad
1219 2291 1269 2348 Iu-

164 2387 255 2446 daeos
280 2386 330 2446 diu
351 2387 411 2446 ism
434 2388 554 2462 punitos
569 2431 576 2447 .
590 2431 599 2448 .
614 2431 645 2448 ..
669 2389 721 2448 sed
745 2388 835 2466 longe
862 2389 958 2465 magis
987 2389 1026 2448 ed
1047 2389 1149 2450 hostes
1171 2392 1269 2467 Assy·

163 2486 226 2546 rios
243 2490 320 2546 etc.“
348 2487 526 2546 ¹Menourus.

609 2743 634 2799 d
668 2743 825 2802 u3b-o

215 2891 264 2950 Ad
280 2891 358 2950 hanc
374 2892 421 2951 dei
439 2899 575 2950 naturam
591 2893 776 2952 referendum
799 2901 861 2965 est,
885 2892 981 2970 quod,
1005 2891 1058 2950 ubi
1074 2890 1208 2967 procedit
1230 2892 1270 2950 ed

166 2991 387 3069 exsequendum
402 2993 542 3052 indicium
556 2993 599 3069 (v.
611 2994 683 3071 3b),
702 2993 890 3052 exsiccantur
905 2993 1013 3070 ardore
1028 2991 1091 3051 irae
1108 2991 1171 3052 eins
1187 3011 1271 3052 mare

165 3100 196 3150 et
211 3092 311 3165 fluvii,
334 3094 457 3152 arbores
479 3099 509 3152 et
531 3111 643 3169 pascua
664 3093 861 3170 nugueseunt
876 3092 920 3167 (v.
934 3094 982 3169 4),
999 3091 1139 3152 universa
1164 3111 1270 3151 concu-

165 3192 239 3250 titur
260 3197 290 3250 et
317 3192 423 3251 misere
448 3211 514 3250 cum
536 3193 642 3252 incolis
667 3193 817 3251 exclamat
838 3200 919 3250 terro
941 3190 984 3266 (v.
1002 3192 1048 3268 5);
1075 3191 1119 3250 ita
1141 3199 1176 3250 ut
1197 3191 1271 3248 nihil

166 3310 239 3369 prae
262 3290 324 3350 eius
346 3291 393 3350 ira
416 3299 496 3352 stare
519 3291 632 3368 possit,
663 3291 714 3368 qui
737 3291 923 3350 firmissimas
948 3308 1038 3365 rupes
1064 3290 1096 3347 in
1119 3289 1270 3366 pulverem

166 3391 328 3452 contundit.

217 3493 306 3553 Prius
322 3511 410 3568 vero,
434 3511 524 3572 quam
549 3493 587 3552 ad
611 3491 818 3569 explicandam
840 3490 916 3550 hane
940 3489 1073 3568 yuticimi
1095 3489 1271 3566 particulam

167 3594 356 3668 accedamus,
379 3592 578 3672 quaerendum
596 3593 728 3667 videtur,
756 3592 898 3670 quidnam
921 3589 1040 3648 omuino
1063 3591 1136 3648 haec
1153 3589 1210 3650 sibi
1227 3590 1271 3649 di·

167 3693 255 3752 vinae
283 3695 434 3770 potentine
456 3694 528 3754 velit
557 3693 726 3770 descriptio.
743 3697 747 3704 '
766 3691 847 3752 Nam
869 3710 936 3750 euru
964 3707 1115 3763 caussem,
1144 3708 1182 3748 ex
1211 3709 1272 3768 qua

168 3794 312 3853 eiusmodi
329 3793 442 3871 aliquid
458 3803 510 3853 aut
525 3794 701 3871 praecedere
717 3801 770 3852 aut
787 3791 871 3870 sequi
893 3791 989 3852 soleat
1005 3791 1218 3868 prophetarum
1235 3791 1273 3850 de

167 3892 284 3954 iudiciis
306 3894 413 3953 futuris
437 3894 517 3952 edita
537 3894 674 3968 omnin,
701 3902 782 3955 recte
803 3892 911 3952 viderit
932 3890 1090 3951 Omvruus
1111 3890 1165 3966 (ad
1183 3889 1271 3954 sach.

169 3995 247 4068 XII,
267 3997 310 4073 1):
334 3993 416 4068 „Ubi
434 3994 470 4052 de
486 4012 520 4051 re
536 3992 650 4052 difficili
667 3993 780 4070 egitur,
798 3993 857 4052 nisi
871 3999 1007 4052 occurrat
1024 3991 1111 4050 nobis
1127 3991 1273 4050 immensa

169 4096 216 4154 dei
245 4095 393 4172 potentia,
424 4094 527 4170 friget,
559 4093 699 4170 quicquid
729 4093 816 4152 nobis
845 4091 1064 4168 promittitur:“
1096 4089 1273 4150 dissentiunt

169 4205 268 4255 temen
291 4213 470 4274 magnopere
492 4193 683 4270 interpretes,
711 4193 787 4252 sitne
809 4191 950 4268 proprius
972 4208 1073 4248 eorum
1090 4207 1194 4248 sensus
1211 4196 1272 4248 stu·

171 4296 311 4371 tuendus,
335 4317 375 4357 an
397 4295 561 4356 translatus
584 4313 637 4370 per
659 4290 890 4352 similitudinem.
926 4289 1075 4365 Quattuor
1100 4289 1162 4348 fere
1182 4289 1273 4348 inter-
