3122 5002
623 321 697 382 (lar.
710 321 773 395 ΠΙ,
791 342 819 381 v.
834 327 859 380 8.
1238 317 1285 386 99

187 507 356 566 Thebarum
379 513 478 564 autem
500 505 539 562 ab
564 504 639 581 ipsis
663 504 724 564 illis
749 506 828 566 lacta
851 504 1033 582 expugnatio
1057 512 1087 563 et
1104 504 1166 564 eius
1183 505 1288 582 pepuli

186 607 346 666 destructio
364 593 454 684 atque
471 605 638 681 deportatio
654 605 723 680 (cir.
741 626 761 665 v
779 607 852 682 .10),
883 623 1010 682 quocum
1027 609 1083 680 per'
1096 605 1212 682 integra
1227 606 1290 666 fere

186 707 287 766 secula
304 708 340 765 de
355 706 481 782 imperio
499 706 581 764 orbis
598 714 743 764 terrarum
760 706 989 778 dimicaverant,
1007 724 1084 781 quae
1098 705 1226 781 primum
1243 713 1288 765 at·-

185 826 244 884 que
262 826 407 867 summum
424 805 521 863 locam
546 805 624 864 iuter
646 806 746 867 omnia
768 806 1012 865 bellicosissimae
1033 805 1141 881 gentis·
1155 806 1290 865 facinora

185 916 287 966 tenere
313 907 455 978 debebat,
485 925 521 964 ea
546 907 662 964 ratione
692 907 915 965 commemorari
937 906 1018 964 nollo
1045 906 1134 966 modo
1160 915 1287 982 poterat.

186 1007 389 1066 Nihilominus
407 1006 539 1065 maxima
554 1006 748 1082 interpretum
771 1026 842 1083 pars
868 1007 906 1065 ab
928 1005 1003 1083 ipsis
1021 1005 1156 1082 Assyriis
1178 1006 1289 1066 factam

187 1108 270 1166 illam
294 1107 463 1166 Thebarum
486 1106 669 1165 eversionem
690 1107 905 1183 opinabantur,
936 1113 1027 1184 atque
1055 1105 1087 1164 in
1110 1105 1288 1166 inveniendo

188 1207 290 1284 aliquo
303 1225 372 1284 rege
389 1215 419 1265 et
435 1214 609 1283 tempestate
626 1207 744 1283 aliqua,
770 1207 817 1266 cui
840 1207 969 1266 adscribi
985 1205 1038 1266 illa
1060 1214 1179 1282 posset,
1203 1206 1290 1283 gravi

188 1327 254 1368 sese
271 1308 450 1366 exercebant
463 1307 582 1379 labore3
606 1308 714 1384 quibus
737 1307 865 1366 maxime
887 1308 1008 1382 insuper
1031 1305 1212 1366 contrarium
1233 1315 1289 1381 ast,

188 1409 269 1485 quod
287 1426 434 1486 nusquam
445 1407 554 1466 idonea
569 1425 735 1484 quaequam
748 1408 812 1466 eius
825 1407 1066 1466 commemoratio
1078 1425 1134 1478 nec
1148 1407 1179 1464 io
1194 1407 1227 1466 11.
1237 1425 1289 1481 ss,

188 1528 243 1568 neo
270 1509 302 1566 in
331 1517 463 1567 veterum
491 1507 609 1582 scriptis
619 1507 638 1580 ¹,
670 1527 723 1568 nec
752 1508 784 1566 in
806 1507 1003 1566 monumentis
1024 1506 1221 1584 Assyriorum
1242 1506 1291 1568 vel

188 1609 406 1686 Aegyptiorum
428 1607 551 1683 reperiri
573 1613 689 1682 potest,
712 1627 772 1666 non
796 1607 873 1666 enim
896 1607 934 1666 de
954 1606 1081 1665 victoria
1111 1607 1214 1685 aliqua
1242 1607 1291 1666 vel

188 1709 272 1768 clade
289 1708 448 1785 Aegyptiis
465 1707 578 1766 inflicta
593 1707 706 1784 agitur,
730 1708 782 1767 sed
804 1708 840 1766 de
857 1706 1076 1784 expugnatione
1092 1706 1199 1782 capitis
1216 1707 1290 1766 cele·

188 1808 308 1868 berrimi
324 1817 355 1867 et
370 1808 535 1866 incolarum
560 1808 675 1867 exsilio.
707 1805 788 1866 Nam
812 1810 841 1885 1)
858 1807 910 1883 qui
934 1808 970 1865 de
996 1805 1289 1866 Salmanassaro

189 1909 323 1987 cogitant
338 1905 508 1984 (Ζοιωιυε2
524 1907 605 1986 all),
629 1907 693 1981 vel,
717 1927 804 1985 quem
826 1907 949 1966 eundem
966 1907 1059 1966 foisse
1084 1906 1230 1978 diximus,
1254 1905 1292 1966 de

189 2007 258 2070 Sar
263 2028 356 2087 gone
370 2008 520 2086 (ansas,
533 2007 638 2066 Hussn
648 2007 668 2081 ⁸,
683 2007 857 2068 Suossnrren
866 2006 887 2079 ⁴,
899 2006 1019 2079 Unam,
1032 2005 1142 2080 Hira,
1156 2004 1292 2066 Senum·

188 2112 281 2188 nnn),
305 2109 435 2168 maxime
456 2116 622 2184 provocant
647 2109 685 2168 ad
709 2108 831 2166 XXmum
856 2107 970 2166 Iesaiae
987 2115 1090 2183 caput,
1113 2107 1192 2166 unde
1209 2106 1292 2166 colli·

190 2219 276 2287 gant,
294 2210 473 2281 Tartanem,
491 2207 636 2285 Sargonis
653 2209 877 2284 imperatorem,
899 2207 1064 2284 Aegyptios
1081 2215 1111 2265 et
1127 2207 1292 2282 Aethiopes

191 2311 358 2370 debellasse
374 2318 466 2387 atque
481 2308 513 2365 in
531 2309 667 2368 exsilium
686 2308 859 2378 deduxisse;
885 2307 921 2364 de
938 2307 1020 2366 cuius
1038 2306 1144 2381 capitis
1160 2306 1293 2382 explica·

190 2411 271 2468 tione
294 2410 401 2466 idonea
423 2407 477 2466 cfr.
501 2407 588 2484 proll,
626 2409 656 2485 2)
681 2407 745 2464 Alii
769 2407 807 2464 ad
832 2405 1076 2466 Sanheribum
1101 2405 1293 2464 memorabile

189 2510 300 2568 lactum
323 2507 491 2566 detulerunt
507 2505 691 2582 (Ussnmos,
714 2506 920 2577 Pmonnsux,
946 2503 1072 2577 (inova,
1096 2504 1291 2583 Kmnunu.);

189 2611 222 2668 in
239 2628 365 2686 quorum
380 2608 515 2666 favorem
531 2606 653 2665 laudata
670 2615 740 2666 sunt
755 2607 885 2664 Iosnrffl
901 2606 994 2664 verba
1010 2604 1115 2681 (Arch.
1133 2604 1180 2677 X,
1203 2609 1233 2676 l,
1250 2605 1292 2682 4),

191 2709 244 2787 qui
261 2717 382 2768 auctore
397 2708 525 2766 Bonoso
543 2705 739 2766 Sanheribum
757 2725 823 2764 cum
836 2705 995 2782 Aegyptiis
1011 2705 1091 2764 bello
1109 2703 1294 2764 conflictasse

191 2810 298 2882 tradit;
323 2818 447 2868 atvero
470 2807 544 2864 nihil
568 2815 778 2866 commemorat
800 2805 836 2866 de
860 2805 1013 2884 eversione
1029 2805 1216 2878 Thebarum,
1240 2821 1295 2863 nec

193 2910 230 2970 de
248 2910 373 2970 victoria
389 2909 507 2986 quidem
515 2907 746 2985 Assyriorum⁵;
765 2925 824 2983 quo
842 2905 965 2978 accedit,
984 2907 1063 2983 quod
1080 2923 1135 2964 nec
1150 2912 1221 2981 post
1237 2902 1296 2964 class

192 3011 257 3070 dem
275 3011 357 3068 illam
375 3009 454 3084 apud
471 3008 712 3084 Hierosolymam
737 3019 890 3083 acceptam
906 3006 984 3064 ullus
1007 3005 1152 3066 eiusmodi
1175 3005 1297 3081 expedi·

192 3111 283 3170 tionis
300 3110 383 3168 locus
401 3115 460 3180 est,
479 3127 532 3165 nec
548 3107 671 3180 antea⁶3
695 3116 786 3192 atque
802 3106 867 3181 ipse
885 3105 974 3163 etiam
992 3103 1190 3177 Sanheribus,
1214 3105 1297 3164 cuins

193 3230 241 3271 res
258 3218 327 3269 ante
342 3209 490 3268 funestum
507 3207 590 3264 illum
607 3207 732 3266 reditum
751 3212 853 3282 gestae
870 3204 945 3263 satis
962 3213 1098 3264 accurate
1114 3203 1298 3283 perscriptae

193 3331 286 3388 nuper
314 3315 496 3370 emerserunt
518 3305 660 3379 eruinis,
685 3305 848 3366 debellatos
871 3303 989 3382 quidem
1013 3325 1032 3363 a
1057 3323 1090 3365 se
1111 3304 1179 3380 ipso
1197 3305 1298 3381 Aegy-

194 3499 394 3510 -————

248 3669 272 3731 1)
289 3669 322 3718 Id
339 3669 408 3732 quod
424 3669 521 3720 fatetur
537 3669 615 3719 edam
634 3667 760 3720 Garamas
779 3681 870 3717 comm.
886 3666 913 3714 in
929 3665 979 3714 Ies.
997 3679 1022 3728 p.
1040 3665 1099 3716 642.

247 3753 273 3814 2)
291 3752 343 3802 Cir.
360 3753 559 3818 disputationem
577 3753 631 3802 eius
648 3751 842 3814 diligentissime
860 3749 1028 3812 compositam
1038 3748 1124 3797 illam:
1141 3745 1302 3798 Dehistoria

197 3841 224 3884 et
235 3837 430 3900 antiquitatibus
441 3836 511 3886 urbis
524 3835 686 3902 Thebarum,
700 3849 802 3898 opuscc.
815 3850 848 3885 ss.
865 3835 947 3895 1731,
959 3831 994 3882 Π.
1006 3833 1091 3896 pata
1102 3847 1137 3882 ss.
1150 3831 1195 3882 cir.
1206 3846 1232 3895 p.
1241 3831 1300 3882 387.

249 3918 276 3981 3)
293 3919 334 3969 De
351 3921 427 3970 rebus
444 3920 567 3982 Assyriis.
584 3918 691 3968 Vratisl.
710 3919 785 3970 1836.
931 3929 934 3936 ·

247 4003 275 4065 4)
292 4003 411 4054 Bemerk.
428 4020 461 4054 zu
477 4003 546 4053 Nah.
564 4002 621 4062 III,
640 4003 663 4050 8.
682 4001 723 4050 16.
758 4000 850 4052 Studd.
867 4017 892 4050 a
911 3999 990 4050 Kritt.
1008 3999 1090 4060 1835,
1109 4000 1139 4060 l,
1156 4014 1181 4063 p.
1191 3998 1241 4048 149
1250 4013 1284 4048 s.

226 4087 275 4156 fi)
292 4083 371 4138 ‘Atta
389 4088 436 4138 aul
452 4079 601 4152 Βηρωσσός
620 4119 713 4136 ......
730 4080 899 4152 μνημονεύει
918 4083 965 4132 τοῦ
988 4081 1120 4145 βασιλέως
1138 4081 1188 4132 rori
1210 4082 1302 4132 Σινα-

193 4175 323 4246 χερίβου,
348 4171 395 4220 καὶ
418 4165 461 4222 ὅτι
485 4169 541 4221 τῶν
556 4164 707 4228 Ἀσσυρίων
725 4157 877 4232 &plessai
901 4161 944 4218 ὅτι
965 4159 1041 4235 πάσῃ
1065 4158 1302 4232 ἐπεστρατεύ-

199 4269 282 4307 σατο
300 4253 331 4326 τῇ
347 4251 424 4321 Ἀσίᾳ
444 4253 491 4306 aui
509 4252 541 4323 τῇ
559 4244 696 4320 Αἰγύπτῳ
711 4253 767 4302 κτλ.
856 4287 861 4292 -

250 4339 277 4400 6)
294 4338 348 4390 Gir.
365 4337 443 4390 Zoar-
462 4338 480 4388 l.
497 4336 515 4387 l.
532 4351 558 4401 p.
572 4337 622 4388 378
634 4349 668 4388 so.
685 4335 813 4388 minan
829 4349 855 4398 p.
865 4335 899 4385 94
911 4347 944 4384 ss.
967 4353 971 4359 ·
1094 4413 1107 4441 ι

1064 4417 1079 4464 7
