3126 5000
614 349 688 412 Cart
700 351 732 425 1,
751 371 780 410 v.
796 356 836 410 12.

674 605 703 644 v.
724 590 765 643 12.

221 737 270 797 so
285 739 410 812 loquitur
426 736 585 794 Dominus.-
608 737 671 794 licet
687 739 789 810 intem-i
809 745 837 793 et
853 738 897 793 itu
913 736 993 794 multi
1015 738 1085 805 sint,
1108 738 1150 793 ita
1165 734 1276 812 'quoque

170 839 333 908 tonduntur,
351 847 378 895 et
395 840 536 896 coacescit
553 869 588 880 -
606 845 633 894 ct
648 837 713 894 licet
729 838 879 911 afflictar-im
897 845 935 906 tc,
952 853 1009 893 noc
1025 837 1154 910 asstipom
1172 846 1198 894 te
1214 855 1276 896 um-

167 939 251 1014 pliua.
293 937 422 997 Illustris
439 937 632 1014 interpretum
650 936 785 996 dissensu
802 955 921 1009 versus,
945 954 981 995 eo
1005 936 1152 1011 maxime,
1177 944 1276 997 utrum

169 1038 210 1098 ad
227 1038 354 1098 ludaeos
372 1057 410 1097 an
427 1038 466 1097 atl
484 1036 628 1115 Assyrios
646 1037 693 1096 val
710 1045 868 1116 utrumque
884 1037 1065 1110 membrum,
1084 1036 1131 1096 vel
1149 1037 1276 1098 alterum

170 1139 267 1200 solum
284 1139 467 1198 referendum
484 1139 532 1198 sit
576 1137 660 1211 Nos,
684 1137 756 1216 quid
774 1157 790 1197 e
807 1137 948 1198 stabilitis
972 1156 1028 1197 usu
1045 1138 1204 1197 verborum
1221 1159 1276 1197 no-

170 1239 302 1300 tionibus
326 1239 493 1312 eliciamus,
518 1238 693 1298 videbimus.
737 1237 878 1299 Solleune
900 1237 1019 1298 vatibus
1041 1237 1159 1297 dicendi
1176 1239 1278 1317 'genus'

168 1340 199 1400 'n
211 1355 274 1400 ror
287 1357 345 1413 ren,
368 1339 438 1400 licet
455 1339 572 1413 omnia,
591 1359 668 1418 quae
684 1339 874 1416 praedicant,
891 1338 1032 1399 instincta
1048 1338 1188 1400 divinitus
1205 1338 1275 1413 sint,

171 1448 267 1500 tamen
290 1439 346 1514 iis,
378 1460 455 1518 quae
480 1448 657 1518 sequuntur,
688 1433 880 1517 praecipuum
901 1439 1020 1516 pondus
1043 1449 1073 1499 et
1096 1439 1274 1518 gravitatem

169 1540 267 1613 addit,
294 1541 442 1618 simulque
458 1540 574 1600 animos
591 1549 669 1600 metu
692 1542 845 1616 perculsos
867 1541 907 1600 ad
928 1559 1013 1616 apem
1036 1539 1141 1600 salutis
1158 1540 1276 1600 fortiter

169 1641 403 1717 amplectendam
421 1640 523 1700 divina
540 1640 651 1700 excitat
668 1641 854 1700 auctoritate.
889 1635 999 1704 nimiu
1016 1640 1094 1699 coni.
1107 1641 1168 1700 Kal
1187 1661 1275 1701 unam

167 1742 259 1800 habet
273 1749 468 1816 potestatem:
491 1740 639 1818 integrum
655 1759 738 1814 esse,
755 1760 810 1800 nec
825 1760 910 1803 secus
927 1741 987 1801 adi.
1002 1735 1072 1832 uim
1095 1761 1162 1800 eum
1178 1751 1274 1814 notat,

169 1842 217 1900 cui
241 1841 316 1900 nihil
339 1841 435 1915 deest,
459 1841 621 1919 integrum3
652 1842 705 1900 cfr.
729 1843 866 1919 exempla
889 1841 1049 1919 probantia
1074 1842 1169 1901 multa
1193 1843 1274 1918 apud

169 1940 373 2002 Goussnumu
398 1962 428 2020 p.
449 1945 514 2000 1645
533 1961 573 2002 ss.
623 1943 759 2001 Affertmt
781 1943 904 2020 'quidem
929 1941 1046 2004 Gasan.
1060 1942 1218 2004 ‘Haudwu
1244 1953 1276 2002 et

168 2043 430 2104 Maon.Handwb.
438 2043 590 2102 notionem
602 2043 729 2121 pacifici,
744 2044 920 2120 praesertim
933 2044 983 2103 ubi
995 2043 1112 2123 legatur
1123 2042 1216 2105 'nmo
1225 2042 1272 2121 Ὅ,

168 2144 201 2202 iu
217 2162 291 2220 pace
307 2163 373 2204 cum
391 2144 447 2204 deo
464 2144 578 2216 viverc;
604 2153 635 2203 at
652 2144 768 2204 monuit
781 2145 842 2204 iam
860 2145 994 2204 Karalus
1011 2146 1050 2204 ad
1068 2150 1081 2202 1
1096 2145 1171 2221 Reg.
1185 2142 1270 2216 VIII,

168 2249 201 2316 ὃς
227 2244 287 2318 XI,
305 2250 338 2318 43
363 2244 434 2318 XV,
451 2249 477 2304 3.
495 2250 512 2302 4
535 2245 702 2322 significare
717 2245 818 2320 potius
841 2246 972 2305 animum
995 2245 1054 2305 soli
1070 2243 1202 2303 Domino
1219 2244 1271 2302 de·

168 2344 280 2418 ditum,
303 2364 358 2404 nec
378 2345 456 2403 inter
479 2345 608 2404 seculum
626 2345 771 2422 deumque
792 2364 982 2422 suspensum
1007 2345 1145 2422 idemque
1167 2361 1272 2403 seusus

168 2443 458 2520 praetereumtes,
477 2443 528 2502 ubi
545 2445 628 2504 deest
644 2445 763 2522 quidem
780 2445 890 2518 ἠ’ῦν,
909 2445 961 2503 sed
979 2464 996 2504 c
1012 2464 1091 2503 nexu
1108 2443 1272 2505 seutentia-

168 2563 234 2603 rum
255 2544 379 2604 Domini
403 2544 545 2622 cogitatio
567 2554 693 2621 apparet
715 2563 781 2604 esse
804 2544 984 2622 supplenda:
1013 2545 1118 2622 lReg.
1133 2545 1212 2616 XX,
1236 2549 1270 2616 33

170 2645 299 2706 lParal.
311 2645 466 2718 XXVIII,
484 2650 516 2718 93
542 2645 673 2705 2Paral.
687 2645 778 2719 XVI,
797 2651 813 2704 9
835 2645 919 2724 (XV,
939 2650 970 2703 ll
993 2665 1074 2705 mere
1096 2652 1159 2705 eet:
1183 2625 1271 2703 inco·

168 2746 287 2825 lumis),
310 2747 363 2806 cfr.
381 2745 439 2806 les.
453 2746 640 2820 XXXVIII,
658 2749 690 2804 3:
717 2747 789 2820 „fac
803 2746 1019 2820 reminiscaris,
1038 2765 1085 2805 mc
1101 2746 1271 2806 ambulasse

169 2847 201 2906 in
218 2856 378 2924 conspectu
394 2855 446 2906 tuo
463 2847 494 2905 in
511 2848 637 2907 veritate
661 2855 692 2906 et
715 2867 781 2908 cum
801 2847 905 2907 'auimo
927 2847 1045 2926 integro
1052 2852 1088 2920 ;“
1114 2865 1169 2906 nec
1191 2865 1271 2906 com·

169 2948 311 3008 mutanda
327 2947 504 3026 significatio
522 2957 568 3008 est
584 2947 661 3009 Gen.
675 2949 825 3022 XXXIV,
843 2953 892 3007 21:
928 2957 1065 3021 „suntne
1081 2947 1139 3007 viri
1155 2947 1200 3006 illi
1217 2951 1271 3006 uo·

169 3048 282 3108 biscum
299 3057 363 3108 toto
381 3069 420 3107 ex
436 3048 582 3108 auimoi“
622 3049 782 3126 Integritas
806 3058 904 3109 autem
922 3049 1029 3108 dicitur
1050 3052 1110 3107 uon
1128 3049 1166 3108 de
1182 3048 1272 3106 mori-

169 3149 240 3218 bus,
257 3149 311 3208 sed
328 3149 364 3207 de
380 3168 520 3222 numero,
537 3149 581 3208 uti
597 3157 682 3225 petet
697 3149 940 3226 exsequentibus
961 3163 1032 3208 naar
1047 3161 1103 3224 tut.
1129 3147 1183 3209 Sin
1200 3149 1274 3208 haec

169 3249 252 3308 verbi
269 3249 352 3308 notio
370 3255 430 3322 est,
457 3248 560 3308 referri
583 3249 664 3306 nullo
688 3249 777 3307 modo
799 3249 839 3308 ad
855 3248 982 3306 ludaeos
999 3255 1114 3322 potcst3
1140 3247 1183 3306 uti
1205 3267 1273 3324 per·

168 3369 271 3427 peram
287 3349 376 3409 vertit
393 3348 517 3408 lomus:
546 3348 595 3422 „si
617 3366 721 3425 pacem
744 3347 909 3408 voluisseut
925 3345 1088 3425 (mecum),
1115 3347 1158 3406 ita
1183 3347 1273 3407 etiam

168 3451 254 3512 multi
270 3450 414 3524 luissent,
433 3461 486 3510 aut
502 3449 629 3509 fuissent
644 3449 688 3507 ita
704 3448 798 3522 tonsi,
816 3457 849 3508 ut
863 3446 1270 3526 transivissct(Assyrius)l“

168 3551 231 3624 vel,
249 3558 283 3609 ut
298 3551 482 3612 tolerabilius
499 3551 676 3610 Kaumsuur
701 3549 750 3623 „si
767 3549 882 3609 sincere
897 3567 945 3608 me
962 3547 1138 3622 coluissent,
1156 3548 1225 3607 ideo
1243 3551 1273 3607 'et

168 3658 306 3729 potentes
327 3651 478 3712 luisseut“
495 3660 550 3711 etc.
585 3649 692 3730 Neque
708 3668 779 3710 vero
803 3669 869 3710 cum
886 3649 1033 3708 Miseno
1054 3647 1097 3707 ita
1113 3649 1273 3710 referemus

169 3751 208 3812 ad
226 3751 371 3828 Assyrios
387 3752 493 3812 verba:
518 3753 569 3827 „si
584 3753 684 3830 pacati
700 3761 785 3826 suut,
802 3771 877 3829 pace
893 3750 956 3810 alta
972 3756 1062 3828 atquc
1078 3749 1148 3810 hinc
1165 3750 1273 3810 fluente

168 3850 367 3930 prosperitate
390 3852 471 3911 omni
493 3853 649 3912 fruentes“
668 3863 740 3926 etc,
764 3853 796 3912 id
820 3852 902 3931 quod
924 3871 944 3910 a
965 3869 1037 3909 vera
1053 3850 1137 3911 vocis
1153 3852 1274 3912 notione

168 3954 328 4014 abhorrere
344 3951 472 4012 vidimus
483 3951 501 4011 ¹.
544 3953 696 4030 Expedita
717 3952 861 4012 enuntiati
884 3951 961 4013 ratio
979 3960 1038 4011 est:
1069 3951 1138 4010 licet
1164 3952 1273 4028 integri

168 4055 229 4114 sint
246 4053 381 4132 Assyrii,
406 4061 436 4112 et
452 4053 494 4112 ita
511 4053 611 4126 multi,
629 4063 685 4113 etc.
728 4067 824 4129 turta
838 4057 861 4112 'a
878 4053 1043 4113 ortamno
1062 4057 1140 4110 recte
1163 4051 1206 4111 sic
1223 4051 1272 4110 ‹ie-

220 4297 245 4360 1)
263 4297 405 4348 Fortunatus
423 4297 440 4346 l.
453 4295 470 4345 l.
489 4313 513 4362 p.
526 4298 559 4348 30
571 4312 602 4347 ss.
622 4297 715 4348 collato
734 4282 809 4382 pi«,
833 4298 915 4362 specie
933 4296 1043 4361 quadam
1062 4297 1160 4347 arboris
1178 4297 1271 4348 aculeis

167 4381 275 4444 iuslgni,
293 4383 429 4448 imaginem
449 4384 577 4448 spinarum
598 4399 612 4433 e
630 4397 705 4433 versu
725 4385 794 4432 10²¹²0
812 4382 947 4446 repetitam
966 4383 1105 4433 extetimat.
