3122 5002
274 313 322 383 94
684 315 757 374 Car.
771 314 833 387 III,
851 329 881 372 v.
897 319 972 372 1-7.

272 521 428 580 perperam
459 499 690 571 coniunxerunt3
725 499 881 558 Prummu
908 507 1008 558 autem
1037 498 1119 559 solas
1151 499 1314 560 blanditias
1347 501 1378 558 in

274 605 396 662 emendo
420 610 561 681 quaestus
586 599 712 660 faciendi
736 619 843 659 caussa
866 600 1014 660 admissas
1035 599 1198 674 intellexit,
1222 602 1322 660 nescio
1339 621 1378 659 an

274 705 342 763 coll.
368 706 425 762 les.
448 703 573 774 XXIII,
600 705 632 760 15
656 721 710 773 ss.;
740 701 772 758 id
798 701 879 779 quod
901 701 1021 760 uberius
1044 702 1185 778 exposuit
1207 703 1378 760 Ewnuuus:

274 805 429 876 „Ninire's
446 803 563 861 Handel
587 802 733 862 ersoheint
748 801 813 860 hier
828 810 915 860 unter
932 802 998 860 dem
1016 820 1091 879 ganz
1108 821 1203 861 neuen
1220 803 1277 880 (l)
1293 801 1379 860 Bilde

275 907 327 965 der
349 903 488 964 Buhlerei
511 904 565 961 mit
587 904 699 962 andern
721 903 883 962 lekern“
908 910 963 974 ct.;
994 913 1040 962 est
1066 902 1186 980 quidem
1216 902 1379 962 communis

275 1007 392 1082 utrique
410 1004 579 1080 explicandi
596 1005 695 1081 generi
713 1004 855 1080 cogitatio
874 1011 1015 1080 quaestus
1021 1023 1030 1075 3
1057 1013 1089 1063 at
1110 1004 1252 1080 pecuniae
1268 1012 1298 1061 et
1315 1003 1381 1078 opi-

274 1109 331 1166 bus
348 1106 447 1164 nullus
469 1105 501 1162 in
524 1105 580 1164 hac
597 1105 796 1164 enuntiatione
817 1112 917 1181 potest
939 1104 1022 1164 locus
1046 1123 1128 1177 esse,
1153 1114 1187 1163 ut
1209 1105 1380 1174 continuata

275 1207 370 1282 ipsius
386 1205 519 1263 Ewnum
536 1205 698 1280 disputatio
717 1205 855 1263 ostendit.
887 1205 941 1263 cfr.
958 1203 1077 1278 Uitam,
1101 1203 1192 1264 Hrrz.
1223 1204 1380 1263 Eiusmodi

276 1315 374 1366 autem
392 1306 581 1366 scortationis
599 1305 737 1381 exempla
752 1305 906 1364 Israelitae
920 1305 992 1364 satis
1005 1305 1134 1364 dilucida
1150 1315 1234 1364 erant
1253 1305 1379 1382 experti,

277 1407 368 1466 veluti
386 1426 405 1463 a
420 1405 692 1482 Tiglathpilesaro,
710 1405 762 1483 qui
779 1405 893 1463 auxilio
906 1413 1058 1482 praestato
1074 1405 1215 1465 Iudaeam
1228 1425 1299 1465 suae
1312 1406 1380 1464 sub-

276 1507 347 1566 iecit
363 1506 486 1579 ditioni,
505 1514 535 1565 et
551 1525 570 1564 a
586 1505 729 1566 Rabsake
745 1507 803 1564 les.
821 1506 978 1580 XXXVI,
998 1511 1029 1563 16
1046 1506 1096 1564 all.
1114 1539 1150 1549 -
1167 1506 1271 1582 Imago
1290 1506 1381 1565 scorti

278 1614 509 1667 commemorata
526 1613 680 1665 venustate
697 1605 902 1683 amplificatur.
925 1621 984 1669 :ru
1005 1613 1161 1665 venustum
1178 1607 1325 1684 significat
1336 1606 1380 1664 uti

277 1707 355 1768 Gen.
373 1709 432 1779 Vl,
450 1707 551 1780 2111,
575 1707 694 1766 additur
716 1725 812 1767 accus.
838 1707 928 1766 latius
952 1705 1070 1782 patiens
1091 1707 1159 1780 ille,
1184 1719 1233 1785 tn,
1256 1714 1381 1776 venusta

278 1809 465 1888 gratiositate
482 1827 551 1879 sua3
569 1808 622 1866 cfr.
641 1821 672 1882 tn
702 1824 772 1868 nura
794 1806 899 1866 mulier
915 1807 1049 1885 gratiosa
1059 1807 1150 1866 Prov.
1157 1808 1220 1880 XI,
1236 1813 1275 1866 16.
1289 1807 1327 1880 V,
1339 1812 1380 1866 19.

277 1911 429 1968 Venustus
445 1909 498 1968 illa
515 1918 545 1968 et
561 1907 734 1985 gratiositas
751 1909 790 1965 ad
807 1908 976 1967 universum
993 1908 1056 1967 eius
1072 1908 1204 1966 habitum
1228 1909 1382 1966 referenda

276 2010 377 2086 potius
402 2029 506 2085 quam,
538 2008 619 2085 quod
643 2009 798 2066 voluerunt
820 2009 973 2081 nonnulli,
1004 2008 1042 2066 ad
1065 2008 1183 2085 lInguae
1205 2009 1382 2086 elegantiam

277 2110 491 2185 restringenda.
510 2141 546 2152 -
563 2108 687 2166 Praeter
705 2109 900 2168 scortationes
921 2110 1144 2186 improbrantur
1159 2108 1241 2168 Nino
1264 2124 1382 2181 urum,

277 2211 353 2270 alias
367 2229 486 2288 quoque
499 2207 672 2266 coniunctae
686 2227 750 2266 cum
766 2209 805 2269 'rr
820 2215 836 2266 2
849 2209 924 2286 Reg.
937 2210 1001 2283 IX,
1015 2213 1065 2281 223
1082 2210 1138 2268 Ies.
1151 2210 1282 2284 XLVII,
1297 2215 1382 2280 9.12;

277 2312 365 2370 Mich.
384 2310 423 2382 V,
443 2315 491 2384 11,
517 2309 747 2382 Incautationes,
771 2310 903 2387 magicae
926 2319 1023 2383 artes,
1051 2310 1238 2388 praestigiae.
1263 2313 1381 2369 Maura:

280 2411 432 2488 „intellige
450 2410 646 2471 scortationes
665 2411 848 2470 deamicitia
866 2412 1003 2470 simulata
1026 2419 1055 2469 et
1071 2411 1274 2485 fraudulenta,
1297 2430 1382 2487 prae-

279 2512 388 2589 stigias
401 2512 437 2570 de
455 2511 570 2570 callidis
588 2511 719 2572 consiliis
736 2513 1063 2588 machinationibusque
1080 2511 1203 2570 occultis
1219 2517 1296 2586 ct.,“
1314 2531 1383 2570 acu·

280 2614 338 2672 tius
355 2613 462 2671 H1rz.:
488 2613 558 2685 „die
574 2611 760 2671 versteckten
777 2613 904 2686 Rdnke,
929 2612 976 2671 die
998 2611 1094 2688 gleich
1111 2612 1280 2688 magischen
1298 2612 1384 2672 Krin-

280 2725 343 2773 sten
362 2713 443 2772 nicht
460 2713 566 2785 selbst,
590 2713 718 2772 sondern
743 2721 805 2773 erst
825 2713 857 2770 in
878 2713 963 2772 ihren
980 2711 1166 2790 Wirkungen
1187 2732 1226 2771 an
1243 2714 1299 2772 den
1316 2712 1385 2790 Tag

280 2817 407 2872 treton.“
425 2845 462 2856 ·-
479 2812 527 2871 De
543 2832 571 2870 v.
590 2807 672 2874 mm
694 2813 747 2870 cfr.
761 2814 792 2886 I,
804 2817 830 2871 5.

332 2912 412 2986 Quid
436 2911 616 2970 commiserit
637 2913 778 2971 meretrix
801 2913 870 2985 illa,
902 2913 996 2972 altero
1022 2915 1155 2973 membro
1180 2914 1384 2990 subiungitur3

283 3031 356 3088 quoe
369 3013 504 3070 vendebat
514 3021 608 3087 pentes
621 3021 655 3071 ct.
687 3029 730 3079 ur
761 3023 863 3090 gentes
879 3014 941 3072 iere
953 3022 1058 3073 notare
1070 3015 1184 3091 populo
1196 3015 1319 3074 Domini
1330 3033 1385 3089 op·
1431 3071 1433 3076 .

262 3113 397 3190 ,positas
414 3121 547 3188 constat,
571 3114 620 3172 hic
638 3133 707 3172 vero
726 3115 846 3172 omnino
864 3115 900 3173 de
917 3114 1054 3192 gentibus
1071 3115 1195 3188 dicitur,
1221 3136 1281 3175 non
1299 3133 1385 3174 exce·

281 3215 342 3290 ptis
358 3213 518 3287 Israelitis3
542 3234 602 3273 non
628 3215 706 3274 enim
724 3216 760 3274 de
777 3217 864 3276 certis
882 3216 1059 3292 quibusdam
1082 3216 1252 3276 nationibus
1276 3216 1384 3292 agitur.

282 3331 345 3374 'run
363 3315 506 3387 vendere,
525 3315 668 3375 translate
685 3317 847 3393 significat:
866 3317 896 3374 in
913 3323 1090 3392 potestatem
1105 3316 1231 3376 alicuius
1241 3317 1384 3393 redigere,

283 3413 371 3473 Deut.
386 3415 528 3488 XXXII,
546 3419 594 3487 303
612 3416 676 3474 Iud.
690 3417 737 3490 II,
753 3422 793 3476 14.
812 3417 873 3489 ΙΠ,
891 3421 917 3475 8.
935 3417 989 3489 IV,
1007 3419 1033 3476 9.
1052 3421 1077 3476 9.
1096 3417 1142 3489 Χ,
1161 3422 1194 3489 73
1212 3419 1266 3476 Ez.
1278 3417 1385 3490 XXX,

286 3518 334 3586 123
364 3515 416 3575 Ps.
434 3515 546 3589 XLIV,
566 3521 606 3576 13.
633 3517 731 3575 Aliter
751 3518 902 3576 notionem
924 3517 1008 3575 verbi
1030 3517 1223 3577 definiverunt
1245 3519 1385 3590 Kartum,

285 3613 469 3689 Souamrus,
495 3615 520 3676 I.
545 3616 585 3675 Ι).
609 3617 703 3676 Mrou.
729 3619 827 3695 suppl.
850 3617 916 3676 ulls
941 3617 1090 3694 decipere,
1113 3618 1245 3692 irretire,
1270 3636 1330 3695 quo
1356 3626 1387 3675 et

282 3714 348 3789 ipse
359 3715 453 3773 tendit
466 3715 646 3789 Hmzrmus,
665 3737 730 3776 oum
748 3734 810 3778 mn
833 3718 974 3795 scriptum
987 3727 1125 3795 argueret
1133 3737 1190 3796 pro
1207 3734 1386 3788 nnuma,

284 3815 366 3890 quod
383 3833 437 3874 nec
453 3817 651 3876 necessarium
668 3826 697 3876 et
712 3817 829 3876 irritum
847 3819 968 3877 omnino
985 3819 1118 3893 videtur,
1142 3821 1193 3878 ubi
1217 3820 1312 3895 probe
1334 3837 1388 3874 ex-

284 3915 433 3992 plicantur
451 3917 551 3975 verba.
579 3917 658 3991 Quid
675 3918 766 3994 igitur
782 3919 913 3978 venditio
932 3919 989 3979 sibi
1006 3921 1137 3996 gentium
1152 3920 1236 3979 vulti
1254 3917 1286 3979 Si
1300 3919 1387 3977 Mnu-

284 4033 392 4078 nuuuu
410 4036 582 4095 sequamur,
603 4017 730 4090 „dicitur
747 4019 861 4079 artibus
878 4021 941 4080 suis
957 4021 1094 4080 libertate
1110 4021 1246 4096 privatos
1258 4019 1388 4096 populos

286 4134 389 4176 servos
407 4119 574 4178 vendidIsse
591 4119 710 4196 populis
728 4121 816 4180 aliis“
835 4121 887 4180 sol.
904 4121 967 4180 Ioel
978 4121 1033 4193 IV,
1046 4125 1072 4179 9.
1087 4125 1170 4194 6υ8ς
1189 4123 1257 4179 Am.
1269 4120 1301 4192 I,
1321 4123 1346 4177 6.
1360 4125 1388 4192 9,

284 4215 349 4274 iure
365 4220 526 4294 respondet
542 4219 651 4293 Hira,
676 4241 735 4280 non
758 4221 790 4280 in
816 4221 941 4280 aliorum
963 4221 1014 4282 sed
1037 4220 1069 4280 in
1092 4241 1177 4282 suum
1201 4219 1389 4279 commodum

284 4317 432 4394 Assyrios
450 4320 602 4395 subegisse
619 4331 729 4396 gentes.
753 4323 846 4381 Recte
863 4323 981 4380 omuino
999 4322 1023 4380 I.
1042 4322 1082 4381 H.
1101 4323 1211 4380 Mrem:
1230 4321 1390 4394 „libertate
