3124 4988
505 302 531 376 ξ.
550 305 575 358 5.
601 302 650 360 Du
669 319 765 360 nnsrrs
784 303 993 360 Assrnronun.
1150 287 1155 297 ’
1244 321 1306 362 xcv

202 485 310 542 hensas
349 484 457 554 fnisse,
501 484 623 541 adiectis
664 504 682 542 a
720 485 824 560 Moyse
866 486 963 544 verbis
1013 485 1127 544 videtur
1171 486 1304 547 indicari.

205 659 405 666 ...—-—.--—

202 792 276 840 unius
289 791 354 850 diei,
373 799 435 845 nnn
457 799 503 847 ni*
525 776 615 855 timi).
650 796 688 842 At
704 793 783 858 probe
795 795 927 859 respondit
938 795 1056 845 Wrurnos
1070 793 1133 844 RW.
1152 789 1306 846 assentient'e

152 933 156 939 ⁸
203 877 407 936 Harrvnnurcnro,
430 877 474 925 vix
497 873 647 938 prophetam
670 883 740 926 recta
757 879 800 928 via
817 895 862 944 per
881 881 969 930 urbem
991 894 1166 943 progressum,
1190 881 1236 931 sed
1257 882 1306 931 huc

203 961 262 1008 illuc
279 962 361 1023 prima
379 961 419 1007 die
439 965 558 1022 vagatum
576 961 740 1024 cogitandum
762 978 832 1025 essc;
854 979 936 1027 neque
961 979 1020 1014 vero
1039 981 1061 1012 v.
1080 965 1147 1014 quum
1164 971 1218 1013 tam
1236 975 1306 1016 arcta

203 1045 391 1093 necessitudine
408 1044 532 1093 contineri
551 1060 607 1092 cunr
627 1061 651 1092 v.
670 1046 723 1107 3¹⁰,
741 1062 817 1110 quam
835 1048 893 1098 'cum
911 1049 963 1110 geo,
987 1059 1063 1111 atque
1082 1048 1146 1097 adeo
1164 1049 1233 1098 idem
1251 1065 1306 1097 ver-

203 1129 263 1176 bnm
281 1136 388 1191 utroque
406 1129 461 1177 loco
479 1142 532 1175 non
549 1132 693 1179 necessario
706 1133 849 1195 significare
862 1132 1049 1195 longitudinem
1061 1133 1168 1182 itineris.
1190 1133 1306 1194 Accedit,

203 1213 272 1275 qnod
289 1227 305 1260 a
322 1213 439 1262 Drouono
458 1217 483 1260 et
502 1210 636 1262 Smnronn
661 1213 769 1264 eundem
792 1217 846 1264 fere
863 1214 927 1264 Nini
950 1217 1071 1266 ambitum
1095 1213 1218 1266 traditum
1236 1231 1306 1266 acce-

203 1297 298 1358 pimus,
317 1311 373 1346 cum
389 1297 434 1346 ille
451 1295 515 1346 Nini
534 1311 619 1346 muros
636 1301 663 1346 in
681 1299 851 1363 quadranguli
867 1301 978 1350 formam
996 1301 1143 1349 aedificatos
1161 1301 1308 1351 480stadia

203 1381 416 1446 comprehendere
434 1381 577 1442 tradiderit,
596 1391 699 1432 arictore
711 1385 804 1434 Crnsm
822 1390 850 1434 ut
864 1385 973 1446 videtur,
991 1383 1091 1435 sinino
1111 1391 1197 1433 autem
1208 1385 1307 1435 Ninum
1402 1451 1404 1456 Ι

203 1467 281 1515 multo
299 1467 423 1516 maiorem
440 1466 555 1516 docuerit
572 1481 648 1529 qnam
665 1468 825 1532 Babylonem
842 1468 934 1529 fuisse,
952 1467 1018 1518 hanc
1035 1475 1120 1518 antem
1138 1469 1228 1531 (XVI,
1242 1472 1265 1518 1.
1278 1469 1305 1530 5)

203 1552 229 1598 in
248 1552 296 1600 385
316 1551 455 1600 stadiorum
476 1551 597 1600 ambitum
616 1560 762 1616 extensam,
784 1553 875 1616 quibus
893 1554 992 1601 Hunon.
1012 1555 1062 1603 100
1078 1553 1132 1602 fere
1155 1553 1241 1602 stadia
1262 1554 1307 1603 ad-

203 1634 269 1684 didit
285 1636 339 1696 (eir.
349 1635 371 1696 I,
385 1635 457 1696 178);
476 1638 527 1684 iam
539 1638 561 1685 si
572 1637 621 1684 150
634 1637 718 1686 stadia
729 1639 803 1686 unius
815 1637 866 1684 diei
882 1638 931 1684 iter
946 1637 1082 1686 conficiunt
1098 1637 1207 1699 (Hsnon.
1220 1639 1253 1699 V,
1264 1637 1307 1698 53)

202 1721 280 1768 trium
303 1719 402 1769 diemm
426 1719 549 1768 ambitum
573 1719 626 1768 lere
649 1728 766 1770 constare
788 1721 913 1769 videmus.
947 1721 1034 1782 Atque
1053 1717 1080 1767 hi
1098 1720 1199 1783 quidem
1218 1721 1308 1769 calculi

203 1803 311 1852 detectis
328 1817 409 1867 nuper
426 1803 489 1852 Nini
508 1803 588 1852 ruinis
605 1804 711 1853 mirifice
729 1805 934 1868 comprobantur.
969 1803 1016 1852 Sat
1034 1804 1111 1853 variis
1133 1803 1236 1866 quIdem
1253 1818 1307 1853 mo·

204 1887 244 1935 dis
262 1889 395 1950 antiquum
406 1887 470 1936 Nini
487 1888 619 1936 circuitum
636 1889 710 1937 vallis
727 1891 855 1953 murisque
874 1896 900 1938 et
917 1889 1046 1937 ruinarum
1065 1887 1174 1936 molibus
1190 1888 1307 1951 designa·

204 1980 257 2021 tum
275 1975 399 2036 reperisse
417 1973 466 2021 sibi
483 1973 531 2021 visi
549 1979 621 2033 sunt,
646 1979 721 2035 atque
745 1975 800 2038 ipse
817 1976 952 2024 musanus
977 1972 1147 2035 quadranguli
1164 1971 1232 2020 illius
1251 1986 1307 2036 spe-

203 2058 266 2106 ciem
289 2064 409 2120 quattuor
430 2057 510 2106 ruinis
534 2058 625 2106 referri
648 2059 778 2108 existimat
800 2060 925 2120 Nimrnd,
948 2055 1121 2120 Koyundjulr,
1143 2055 1307 2116 Khorsabad,

203 2139 353 2201 Karamles‚
373 2155 481 2204 eamque
497 2157 589 2191 norma
606 2149 632 2190 et
648 2145 737 2193 metris
755 2144 876 2194 adhibitis
894 2156 975 2206 nuper
992 2141 1184 2204 comprobatam
1207 2155 1307 2190 asseve-

203 2230 245 2272 rat
260 2225 314 2287 (cfr.
332 2225 460 2276 Rewtnrs.
479 2225 596 2275 Outlines
618 2227 766 2288 pxufflt:
790 2229 901 2277 maxime
924 2233 1011 2275 tamen
1034 2227 1146 2288 omnium
1170 2223 1223 2283 (cfr.
1247 2225 1306 2272 reli·

204 2322 267 2370 quas
285 2310 418 2371 opiniones
436 2324 452 2359 a
468 2309 578 2360 Rrrrnno
597 2311 740 2374 expositas,
758 2311 773 2358 l.
787 2311 803 2359 l.
822 2328 847 2374 p.
860 2312 911 2360 224
924 2309 970 2372 ss.)
989 2310 1098 2359 Bouonn
1114 2307 1308 2357 commendatur

204 2393 346 2452 sententia,
369 2396 412 2456 qui
435 2396 543 2458 liguram
568 2409 584 2443 a
605 2393 726 2441 Dronono
748 2394 900 2457 descriptam
924 2395 1050 2456 quadrare
1072 2391 1257 2442 demonstravit
1280 2394 1307 2440 in

204 2477 314 2539 spatium
331 2477 394 2525 illud
413 2478 482 2540 qnod
498 2478 637 2526 includitur
655 2477 757 2525 tumulis
776 2476 934 2541 Koynndjuk
952 2485 978 2526 et
994 2477 1081 2527 Nebbi
1097 2478 1201 2538 Ynnus‚
1222 2477 1306 2524 Khor·

96 2625 100 2630 Ι
204 2561 296 2621 sabad,
318 2561 467 2624 Karamles‚
490 2563 563 2612 Kana
580 2562 666 2623 Kush,
690 2569 716 2610 et
737 2564 798 2624 ingo
821 2562 914 2610 montis
937 2560 1020 2612 Gebel
1041 2561 1157 2622 Maolnb3
1181 2560 1225 2609 clr.
1243 2559 1306 2608 Bou.

202 2659 228 2707 p.
238 2647 289 2708 94;
308 2661 415 2708 qnorum
437 2647 548 2696 ambitus
573 2649 606 2696 60
623 2647 744 2696 milliaria
761 2647 829 2709 angl.
854 2645 1205 2708 (10÷20†10÷2o)=480
1223 2643 1308 2693 stadia

203 2730 401 2795 comprehendit.
437 2730 510 2791 Quae
528 2733 657 2780 sententia
675 2746 705 2781 eo
723 2733 805 2796 magis
822 2729 1022 2790 commendatur,
1040 2728 1109 2792 quod
1120 2727 1307 2777 continuatore

203 2816 358 2865 tumulorum
384 2817 471 2866 ruinas
498 2818 683 2866 continentium
710 2819 788 2878 series
814 2815 942 2876 descripta
966 2813 1012 2862 illa
1036 2811 1200 2862 includuntur
1230 2813 1306 2873 linea,

202 2899 354 2950 Nimrndiea
370 2907 456 2950 nutem
472 2901 585 2962 palatia,
603 2915 666 2964 quas
680 2901 793 2950 Larium
812 2914 865 2949 nna
881 2898 1094 2962 comprehendere
1107 2898 1217 2958 mavult,
1235 2913 1307 2962 pror·

203 3001 245 3036 sus
262 2991 382 3049 separata
398 2991 425 3033 et
441 2985 540 3034 seclusa
557 2985 656 3046 iacent,
679 2991 755 3048 atque
778 2987 806 3033 in
822 2983 904 3032 titnIIs
925 2985 1040 3032 cuneatis
1057 2983 1184 3034 Rrwnns.
1202 2989 1306 3031 auctore

203 3077 320 3118 accurate
338 3083 355 3117 a
371 3067 442 3117 Nino
460 3069 657 3132 distinguuntur.
676 3069 730 3131 (cfr.
743 3067 862 3118 Outlines
879 3081 904 3130 p.
916 3067 1026 3129 XXII).
1044 3093 1077 3102 -
1094 3066 1187 3116 Posset
1203 3067 1305 3130 quidem

203 3155 322 3216 eogitari,
345 3154 422 3202 trium
445 3153 543 3202 dierum
564 3153 752 3218 longitudinem
773 3152 938 3202 nihilominus
966 3151 1000 3198 ad
1023 3150 1121 3200 Ninum
1144 3151 1306 3200 referendam

203 3251 274 3297 esee,
296 3238 417 3299 qnoniam
436 3245 552 3286 extrema
574 3238 672 3299 palatia
689 3237 755 3296 duo,
782 3237 849 3284 inter
871 3248 936 3297 quae
958 3235 1058 3296 reliqua
1080 3237 1154 3296 quasi
1173 3237 1307 3286 interiecta

203 3323 290 3370 omnia
312 3328 385 3392 sunt,
404 3319 563 3370 Khorsabad
588 3327 614 3368 et
636 3319 723 3368 Kalah
746 3317 871 3382 Shergst,
895 3319 973 3365 trium
997 3317 1052 3366 iere
1077 3319 1195 3367 itinerum
1222 3321 1306 3382 spatio

202 3408 314 3465 distant;
333 3421 394 3456 nam
402 3406 558 3456 Khorsabad
576 3405 719 3455 aMossuls
737 3404 762 3452 V
779 3403 833 3451 lere
851 3401 972 3450 horarum
986 3401 1122 3450 intervallo
1136 3402 1220 3464 abest,
1239 3402 1306 3452 unde

201 3490 353 3541 NImrndem
370 3492 438 3541 VIII
454 3491 525 3542 horis
543 3491 737 3554 proficiscuntur
753 3487 808 3550 (cir.
819 3485 924 3536 Rrrrrn
931 3484 1075 3546 Erum,
1092 3501 1117 3549 p.
1127 3487 1185 3535 241.
1198 3502 1222 3550 p.
1233 3485 1305 3548 175);

202 3572 386 3624 Nimrndenses
404 3585 490 3624 autem
506 3576 597 3624 ruinae
614 3574 699 3623 medio
716 3574 770 3622 fere
788 3574 856 3622 inter
872 3570 1027 3622 Khorsabed
1049 3577 1075 3618 et
1092 3570 1179 3620 Kalah
1195 3569 1306 3634 Shergst

202 3659 259 3707 loco
277 3661 341 3708 sitae
359 3666 417 3709 sunt
435 3659 490 3721 (cir.
508 3673 627 3724 mappam
650 3657 849 3722 geographicam
865 3657 980 3707 Ltrlnnr
1002 3655 1068 3704 libro
1091 3655 1232 3719 additam).
1269 3657 1305 3706 At

202 3755 250 3792 nec
266 3741 388 3791 traditum
407 3757 514 3806 nsquam
532 3750 571 3792 est
588 3758 636 3793 nec
652 3743 707 3792 veri
725 3744 829 3792 omnino
847 3741 949 3790 ridetur
965 3740 1061 3801 simile,
1079 3747 1133 3789 tam
1154 3741 1304 3790 immensam

202 3825 281 3874 fnisse
304 3825 507 3888 magnitudinem
528 3827 606 3877 urbis.
631 3855 663 3864 -
685 3827 819 3890 Utcunque
842 3832 895 3885 est,
918 3825 1033 3874 notanda
1056 3825 1135 3888 probe
1159 3831 1218 3874 sunt
1239 3839 1304 3887 qnae

203 3909 319 3974 apposite
336 3910 435 3958 monuit
451 3908 574 3971 Gossrns,
598 3912 709 3973 Assyria
725 3926 749 3974 p.
759 3911 824 3959 490:
850 3911 892 3971 ,lt
907 3910 930 3957 le
948 3916 994 3958 uot
1011 3916 1038 3958 to
1055 3909 1087 3958 be
1105 3908 1232 3972 supposed
1248 3907 1305 3957 that

202 3994 253 4044 thir
274 4000 333 4042 vast
354 4007 415 4042 area
437 4007 492 4041 was
517 3995 626 4044 covered
643 3996 706 4044 with
729 3995 870 4057 buildings,
895 3992 947 4042 like
970 4009 1018 4043 our
1038 3994 1145 4042 modern
1167 3993 1304 4053 European

202 4079 316 4142 capitale.
351 4076 415 4126 Like
438 4077 473 4124 all
494 4075 537 4124 the
561 4085 634 4138 green
650 4081 749 4130 Asiatic
772 4081 859 4140 eities,
881 4079 902 4126 it
923 4092 979 4126 was
1003 4077 1134 4126 doubtless
1154 4074 1218 4122 built
1238 4074 1266 4120 in
1288 4085 1305 4120 a

203 4163 273 4212 loose
292 4162 343 4212 and
361 4161 501 4225 straggling
519 4174 639 4222 manner,
663 4163 725 4210 witb
743 4178 820 4225 many
837 4163 908 4223 large
925 4162 999 4210 fields
1022 4161 1064 4210 for
1086 4159 1129 4208 the
1153 4155 1304 4221 productior

204 4247 233 4296 of
253 4263 313 4296 corn
337 4247 388 4296 and
410 4246 451 4296 ior
473 4245 516 4293 the
540 4246 644 4308 grasing
667 4245 697 4293 oi
716 4247 805 4306 cattle,
826 4244 1000 4306 interspersed
1024 4257 1118 4306 among
1139 4241 1183 4291 the
1205 4248 1302 4291 streete.

204 4331 250 4380 We
277 4340 331 4381 are·
344 4331 399 4382 told
422 4331 456 4393 by
480 4329 589 4390 Qumrus
613 4329 721 4378 Connus
744 4328 801 4378 that
823 4327 956 4392 Babylon,
984 4342 1047 4378 even
1072 4329 1097 4376 in
1122 4326 1166 4376 the
1188 4329 1249 4376 time
1276 4325 1307 4376 of
