3124 4988
517 302 542 377 5.
559 307 585 358 7.
611 302 660 360 Da
678 318 794 360 mooun
812 318 969 360 vnrrcrnn.
1219 321 1292 362 uxrx

193 485 303 543 seelera
325 492 354 541 et
368 484 480 560 flagitia
497 485 687 559 complexus,
714 477 845 542 atrocem
863 483 935 542 Nini
953 485 1102 554 interitum
1120 489 1292 562 propediem

191 585 349 644 instantem
373 584 456 642 illum
474 585 729 660 praestantissimo
754 584 823 642 stilo
848 585 1013 659 descripsit.
1041 584 1172 644 Nahurni
1195 595 1292 645 autern

192 685 360 742 vaticinium
385 703 443 742 non
469 685 555 744 huius
580 694 695 744 tantum
717 684 907 759 propheticae
938 684 1168 760 praedicationis
1196 687 1291 761 partis

192 805 292 842 verum
310 785 441 842 omnium
460 785 645 844 oraculorum
664 785 793 861 Assyria
810 793 907 843 aetate
924 785 1067 843 editorum
1086 803 1191 861 agmen
1210 803 1291 862 egre·

192 1044 309 1103 deberet,
333 1043 455 1092 eiusmodi
480 1050 564 1092 autem
581 1059 707 1107 nusquam
725 1045 862 1107 quidquam
881 1046 1022 1106 invenitur3
1042 1059 1103 1096 nam
1121 1044 1171 1093 Ier.
1189 1044 1293 1104 XXVI,

192 1127 297 1187 18.19,
323 1127 413 1190 quibus
439 1127 523 1176 verbis
545 1128 635 1176 nititur
661 1144 684 1175 v.
712 1128 769 1188 dd,
801 1130 866 1177 vatis
892 1145 933 1178 vv.
953 1129 1009 1191 111,
1028 1132 1060 1178 12
1084 1130 1218 1178 enuntiata
1241 1143 1292 1176 non

192 1211 327 1261 confestim
345 1212 459 1260 evenisse
479 1212 585 1274 legitur,
603 1227 684 1276 neque
703 1227 772 1274 vero,
790 1229 830 1260 vv.
848 1213 930 1274 1v,9.
941 1215 986 1273 10,
1004 1227 1069 1276 quas
1088 1213 1121 1260 ad
1139 1213 1216 1261 aliam
1234 1212 1292 1259 libri

191 1297 342 1360 particulam
366 1298 506 1359 pertinent,
530 1298 634 1346 omnino
653 1311 740 1345 carere
758 1304 858 1346 eventu.
876 1323 909 1333 —
930 1296 967 1357 ΙΙ)
985 1295 1046 1345 Non
1057 1296 1156 1344 minore
1174 1297 1230 1344 loco
1247 1294 1291 1343 lra-

193 1359 302 1429 bendum
321 1387 372 1440 est,
390 1380 472 1442 quod,
495 1381 538 1428 ubi
556 1381 676 1431 Cranaen
693 1380 816 1445 probetur
833 1383 973 1442 sententia,
995 1379 1128 1429 Michaeae
1144 1379 1293 1428 vaticinium

190 1466 303 1528 graviter
326 1463 470 1525 discrepare
494 1463 612 1512 videatur
634 1481 691 1513 cum
718 1465 816 1522 lesaia,
841 1479 949 1526 quocum
971 1478 1022 1512 non
1046 1465 1138 1512 aetatis
1161 1463 1243 1512 solum
1267 1469 1293 1510 et

190 1549 316 1607 muueris,
345 1561 432 1594 verum
455 1547 532 1595 etiam
554 1547 735 1596 familiaritatis
758 1555 784 1596 et
806 1548 996 1597 consuetudinis
1024 1548 1124 1597 vinculo
1153 1546 1291 1596 secundum

190 1631 345 1693 singularem
363 1631 493 1692 utriusque
512 1630 570 1678 libri
588 1638 737 1679 concentum
760 1633 908 1688 coniunctus
931 1632 1010 1680 fuisse
1032 1631 1160 1695 putandus
1184 1636 1230 1678 est.
1266 1629 1291 1676 ls

190 1717 257 1764 enirn
276 1714 366 1762 eodem
384 1721 499 1776 tempore
522 1727 574 1761 non
599 1714 679 1762 semel
697 1729 784 1762 verum
803 1717 903 1777 saepius
929 1723 954 1763 et
978 1715 1103 1763 uberrime
1128 1713 1159 1761 ab
1177 1712 1293 1774 Assyriis

190 1800 321 1861 angustias
345 1803 445 1846 tentum
467 1796 571 1845 Iudaeis
594 1798 690 1846 instare
712 1798 838 1858 declarat,
864 1800 922 1848 illos
945 1800 972 1846 in
994 1799 1050 1862 ipsa
1072 1808 1142 1847 terra
1163 1811 1236 1846 sacra
1258 1795 1292 1844 ad

190 1883 390 1932 internecionem
412 1882 466 1930 fere
488 1895 625 1930 concussos
647 1881 703 1930 fore
719 1880 775 1941 (cfr.
795 1883 821 1930 ll.
840 1897 916 1946 supra
932 1882 972 1942 ll.,
991 1881 1066 1931 Osse.
1085 1897 1109 1944 p.
1119 1880 1191 1940 174),
1210 1879 1292 1929 aBa-

190 1967 300 2030 byloniIs
319 1972 404 2013 autem
422 1965 576 2028 reipublicae
594 1966 724 2014 interitum
742 1967 875 2015 imminere
893 1967 967 2015 docet
985 1981 1026 2014 ex.
1041 1980 1079 2028 gr.
1095 1982 1116 2015 c.
1125 1966 1209 2028 XIII,
1226 1963 1292 2014 XIV

190 2059 215 2099 et
229 2049 363 2110 XXXIX,
378 2050 447 2097 cuius
456 2049 623 2098 fundamento
638 2051 758 2099 universa
773 2051 855 2099 altera
870 2052 924 2099 eius
938 2050 1010 2111 libri,
1030 2065 1095 2113 quae
1112 2050 1218 2110 dicitur,
1232 2065 1291 2113 pars

189 2135 311 2196 Imposita
328 2141 374 2181 est.
405 2131 480 2182 Cass.
499 2135 602 2198 quidem
617 2135 750 2184 Michaeae
772 2135 917 2183 vaticinium
941 2141 1000 2183 ante
1017 2135 1066 2183 les.
1085 2151 1106 2183 c.
1118 2133 1241 2182 XXVIII
1258 2161 1291 2168 —

189 2218 299 2266 XXXII
316 2217 413 2266 editum
430 2232 486 2267 esse
503 2220 620 2279 coniicit,
638 2226 715 2280 atque
733 2217 812 2278 ade0,
836 2218 957 2282 temporis
974 2220 1073 2267 ratione
1093 2227 1203 2277 mutata,
1227 2220 1292 2266 vati·

192 2303 259 2350 ciuia
281 2316 381 2363 quoque
403 2310 558 2352 commutata
580 2317 648 2362 esse,
674 2307 701 2350 at
723 2316 784 2350 vero
802 2303 893 2350 Xmum
915 2308 983 2350 certe
1000 2302 1100 2350 lesaiae
1118 2307 1194 2364 caput
1212 2302 1291 2349 etiam

192 2377 349 2447 priusquam
358 2385 491 2434 Michaeas
501 2386 579 2434 verba
593 2385 638 2433 illa
648 2385 808 2434 enuntiatum
826 2381 876 2432 est!
895 2397 955 2444 erge
974 2384 1082 2434 eundem
1094 2385 1200 2434 Domini
1218 2386 1291 2449 spiri-

192 2476 244 2518 tum
262 2484 308 2533 per
327 2465 423 2516 lesaiae
441 2476 467 2518 et
484 2484 528 2532 per
545 2468 678 2517 Michaeae
701 2469 830 2529 Ingenium
849 2468 961 2516 locutum
978 2467 1043 2516 adeo
1062 2483 1114 2518 nou
1132 2483 1214 2518 secum
1232 2485 1292 2518 con-

140 2538 143 2544 *
191 2561 299 2603 stantem
318 2553 397 2601 fuisse
415 2561 548 2616 putemus,
566 2559 593 2601 ut
608 2552 685 2601 modo
703 2552 735 2600 ab
746 2552 861 2614 Assyriis
879 2551 1051 2600 calamitatem
1067 2553 1176 2616 prImum
1188 2551 1292 2600 Iudaeis

191 2647 245 2687 tum
262 2652 323 2686 vere
342 2637 551 2701 gloriosissimam
570 2637 769 2696 redemtionem,
794 2635 871 2685 modo
895 2635 1011 2683 exsilium
1036 2643 1062 2684 et
1084 2637 1292 2695 luternecionem,

191 2725 268 2773 modo
287 2737 303 2771 a
319 2722 471 2785 Babyloniis
489 2721 556 2771 idem
573 2722 671 2770 instare
689 2721 775 2784 paucis
793 2721 866 2769 annis
884 2721 1040 2783 interpositis
1058 2719 1217 2769 declararet?
1242 2719 1292 2766 Mi-

191 2809 260 2858 nime
278 2822 346 2857 vero.
381 2807 434 2868 III)
454 2807 576 2868 Accedit,
593 2806 677 2868 quod,
696 2807 795 2855 etiamsi
809 2804 940 2868 Babylon,
959 2805 995 2852 uti
1013 2803 1093 2868 probe
1108 2794 1294 2854 demonstravit

193 2893 283 2952 Ossa,
300 2906 331 2941 eo
349 2898 463 2955 tempore
481 2891 596 2954 Assyriis
615 2892 729 2942 subiecta
746 2891 836 2949 luerit,
854 2890 898 2937 vix
917 2893 1004 2936 tamen
1018 2888 1121 2948 Iudaei,
1140 2904 1195 2937 cum
1209 2887 1293 2947 Baby-

192 2979 251 3027 lone
268 2977 317 3026 sibi
335 2975 453 3024 exsilium
470 2978 555 3040 parari
573 2975 707 3036 audirent,
725 2975 756 3024 ab
776 2973 890 3036 Assyriis
908 2971 957 3021 hoc
974 2972 1022 3020 sibi
1042 2973 1137 3020 instare
1152 2968 1293 3033 opinaban-

192 3069 247 3122 tur,
270 3062 319 3110 nisi
337 3067 424 3125 aperte
442 3068 498 3110 erat
516 3068 644 3120 notatnm3
667 3073 727 3108 nam
751 3074 798 3122 pro
823 3072 855 3106 ea
877 3058 990 3114 ratione,
1014 3069 1065 3117 qua
1081 3055 1214 3104 Israelitae
1236 3069 1292 3102 cum

192 3145 310 3209 gentibus
328 3145 537 3205 continebantur,
559 3160 612 3194 non
630 3144 662 3192 de
681 3143 742 3191 urbe
760 3142 871 3202 quadam
889 3145 915 3186 et
935 3139 991 3186 loco
1017 3137 1151 3198 agebatur,
1175 3149 1225 3196 quo
1249 3136 1293 3183 ab·

160 3207 170 3220 a
193 3231 357 3286 ducerentur,
376 3228 420 3275 sed
439 3227 471 3275 de
489 3235 560 3276 certa
577 3227 686 3288 quadam
705 3231 795 3287 gente,
818 3236 869 3283 qua
885 3224 1046 3285 punirentur;
1070 3219 1128 3266 ideo
1147 3221 1213 3266 enim
1232 3232 1293 3279 gen-

194 3313 257 3362 tium
273 3311 408 3360 ferocitate
425 3317 451 3358 et
467 3310 578 3359 ludibrio
596 3315 733 3367 vexantur,
752 3308 871 3367 quoniam
890 3303 1002 3366 gentium
1018 3301 1184 3350 irritamentis
1199 3306 1225 3348 et
1235 3313 1294 3362 pec-

194 3399 256 3447 catis
274 3396 442 3445 indulserant.
479 3391 535 3454 Quo
555 3393 635 3454 adde,
653 3392 720 3452 quod
740 3406 770 3439 eo
788 3386 1070 3452 temporeBabylonios
1087 3384 1213 3433 delectum
1231 3383 1294 3430 iem-

194 3484 243 3531 iam
263 3481 365 3530 molitos
383 3495 439 3529 esse
457 3479 574 3528 vidimus.
1314 3472 1321 3484 '

245 3564 317 3624 Quae
335 3581 390 3614 cum
410 3567 446 3613 ita
463 3566 528 3624 slot,
546 3561 698 3611 sententiam
717 3559 787 3607 illam
804 3570 908 3621 prorsus
926 3555 1023 3601 irritam
1043 3568 1112 3612 esse,
1130 3551 1205 3599 lacile
1221 3551 1295 3598 intel-

195 3652 295 3711 ligitur3
313 3651 413 3698 reiectis
432 3655 517 3697 antem
535 3645 705 3710 argumentis,
728 3655 793 3702 quae
811 3643 861 3689 iam
881 3638 1004 3687 refutasse
1023 3637 1151 3695 videmur,
1175 3641 1296 3682 corruunt

195 3734 284 3793 simul,
308 3745 373 3792 quae
391 3738 523 3795 praeterea
541 3729 679 3794 disputavit
695 3726 771 3776 Osse.
790 3741 815 3788 p.
827 3723 874 3774 175
885 3737 932 3784 ss.;
955 3735 1015 3770 uam
1033 3720 1094 3782 quid
1111 3720 1203 3782 fuerit,
1226 3720 1296 3781 quod

195 3819 229 3879 V,
246 3819 271 3866 ‘A
289 3817 304 3866 5
322 3817 423 3879 Assyrii
448 3823 570 3877 tunquam
596 3826 695 3863 summa
717 3811 827 3860 hostium
852 3807 924 3868 regni
942 3805 1022 3854 divini
1046 3806 1142 3869 species
1167 3812 1192 3854 et
1209 3805 1295 3868 imago

195 3903 363 3960 inducantur,
389 3901 451 3948 satis
471 3905 576 3962 apparet
594 3914 625 3947 ex
643 3900 688 3957 iis,
712 3907 778 3956 quae
800 3906 877 3955 supra
900 3891 1063 3955 exposuimus
1089 3890 1121 3938 de
1144 3891 1295 3952 gravissimo

196 3989 265 4048 loco,
283 3987 309 4034 in
328 3998 379 4047 quo
395 3985 463 4032 inter
480 3983 566 4031 hostes
584 3982 687 4030 Israelis
706 3978 839 4028 constituti
857 3983 943 4036 crant,
962 3975 1007 4023 cfr.
1026 3989 1042 4036 p
1059 3974 1139 4033 Les,
1164 3981 1218 4022 tum
1235 3987 1296 4021 vero

196 4073 246 4121 les.
264 4071 349 4132 Xlll,
366 4069 432 4118 XIV
450 4067 558 4115 eandem
576 4065 680 4113 exhibet
698 4064 838 4122 rationem3
856 4074 872 4108 a
890 4061 980 4108 suturis
998 4059 1064 4106 enim
1077 4057 1164 4121 populi
1181 4054 1296 4103 hostibus

196 4164 268 4205 vates
285 4155 318 4204 ad
336 4154 501 4218 gravissImos
519 4150 576 4198 illos
594 4148 741 4208 revertitur,
760 4145 885 4206 aquibus
904 4143 1029 4205 praesenti
1042 4147 1155 4203 tempore
1167 4139 1296 4188 vexaban-

110 4252 115 4260 '
197 4248 245 4289 tur.
281 4240 415 4288 Postremo
438 4237 486 4284 boc
509 4235 586 4282 etiam
605 4237 708 4279 notasse
725 4231 846 4287 velimus,
871 4225 939 4274 haud
962 4224 1040 4287 probe
1062 4223 1206 4272 Cssrnnruu
1228 4237 1297 4272 asse-

199 4339 285 4373 verare
303 4341 328 4388 p.
341 4326 403 4384 180,
421 4323 442 4371 si
461 4327 536 4369 antea
555 4332 605 4365 nou
624 4315 750 4363 evenisset
762 4312 922 4372 vaticinium,
940 4309 967 4359 id
981 4316 1049 4358 certe
1061 4308 1121 4358 iude
1132 4307 1297 4367 redundasse,
