3122 5002
288 283 335 354 82
682 287 757 348 cn.
770 288 816 361 11,
834 307 863 348 v.
878 292 991 348 n-n.

287 490 377 553 qnam
393 471 549 550 colligere,
575 489 680 533 sensus
697 479 759 532 ost:
781 471 873 532 facies
891 471 1094 532 subducuntur
1110 471 1238 543 rubore3
1261 471 1394 533 diximus

287 584 386 636 tamen
402 573 599 652 pallescentes
615 573 716 649 potius
733 591 806 648 prae
822 579 903 632 metu
920 572 1046 649 cogitari
1063 571 1163 632 vultus
1183 591 1272 649 quam
1290 575 1394 632 erube-

286 683 417 747 scentes3
451 693 544 752 quare
577 674 736 734 secundum
770 673 993 734 similitudinem
1026 673 1185 732 verborum
1214 673 1279 732 Ioel
1294 674 1340 748 H,
1360 680 1393 747 63

286 776 390 836 Ierem.
403 775 514 846 XXX,
532 779 548 832 6
564 775 704 834 ruborem
720 775 819 834 subito
837 782 1004 850 correptum
1022 772 1065 848 (u.
1079 775 1185 852 supra)
1203 782 1234 832 et
1250 773 1329 833 intus
1346 795 1394 834 re·

287 885 404 953 ceptum
421 875 604 952 cogitamus,
618 874 865 952 quemadmodum
878 885 986 934 natura
997 874 1056 934 fert
1068 882 1102 932 ut
1114 874 1236 950 sangnis
1248 883 1393 950 perterre-

286 976 434 1036 factorum
450 995 470 1034 a
486 976 562 1034 facie
579 984 608 1035 et
625 976 765 1036 membris
781 977 901 1036 recedat
913 975 953 1034 ad
964 975 1120 1034 interiores
1132 975 1268 1050 corporis
1281 985 1392 1052 partes.

336 1076 384 1135 De
400 1076 498 1136 forma
515 1084 545 1136 ct
561 1085 710 1136 structura
726 1095 830 1136 versus
847 1077 923 1136 beno
939 1083 1025 1134 notat
1042 1075 1201 1134 Bonnms:
1225 1084 1293 1148 „est
1315 1076 1393 1136 inter

287 1185 399 1252 puncta
414 1183 557 1254 quattuor
573 1177 679 1238 relatio
694 1177 875 1236 immediata.
901 1175 963 1236 Gor
979 1175 1056 1234 enim
1074 1176 1125 1234 ubi
1138 1176 1331 1253 liquefactum
1347 1186 1394 1236 est

285 1277 383 1350 intus,
402 1277 537 1354 sequitur
553 1278 643 1336 etiam
658 1277 734 1338 foris
750 1277 890 1337 titubatio
908 1295 1051 1354 genuum3
1077 1284 1107 1336 et
1129 1295 1168 1336 ex
1191 1275 1294 1334 dolore
1317 1277 1392 1336 lum-

286 1378 392 1436 borum
410 1377 501 1438 facies
519 1379 693 1439 contrahere
709 1378 787 1438 solet
803 1381 953 1437 atrorem“
971 1376 1135 1452 (mutentur
1156 1377 1312 1455 mutanda)
1335 1377 1393 1450 „da

287 1477 391 1536 dolore
407 1477 524 1538 interno
540 1485 711 1538 restantem.
737 1477 880 1540 Similiter
896 1497 951 1554 per
966 1477 1129 1536 ehiasmum
1153 1477 1303 1538 inversum
1327 1496 1393 1536 cum

287 1577 502 1654 camelarias,
520 1597 586 1642 cum
604 1579 728 1658 genibus
744 1579 837 1640 lumbi
854 1578 1117 1657 correspondent.“

705 1921 740 2002 C.
775 1947 810 1994 u.
832 1923 978 1994 12-14.

336 2081 522 2155 Expugnata
537 2087 568 2138 et
584 2079 684 2138 diruta
699 2081 788 2152 urbe,
813 2079 938 2155 direptis
956 2077 1085 2150 divitiis,
1108 2079 1214 2138 incolis
1237 2079 1393 2138 trucidatis

286 2179 335 2240 vel
351 2181 382 2238 in
399 2179 538 2238 exsilium
555 2179 710 2253 abductis,
732 2180 793 2238 iam
809 2188 897 2239 rasta
923 2188 953 2239 et
969 2181 1087 2238 deserta
1102 2178 1170 2238 loca
1187 2180 1394 2256 praesagiente

286 2281 385 2340 animo
399 2280 600 2356 circumspicit
611 2288 707 2354 vates,
720 2301 797 2359 quae
807 2280 1089 2357 magnificentissimi
1100 2280 1172 2340 olim
1179 2289 1269 2356 caput
1277 2281 1394 2356 imperii

286 2382 414 2440 tenebat.
426 2381 586 2441 Perculsus
603 2381 759 2442 atrocitate
775 2381 907 2442 institiae
924 2381 1043 2440 divinae
1059 2389 1088 2440 et
1105 2399 1192 2441 sacra
1208 2381 1296 2440 simol
1313 2381 1393 2440 exci-

286 2487 366 2540 tatns
383 2480 498 2554 ironia,
521 2481 678 2542 revertitur
699 2483 842 2542 memoria
864 2483 896 2542 in
913 2488 1023 2542 statum
1040 2482 1184 2558 priorem,
1209 2501 1275 2540 cum
1300 2490 1393 2540 terra·

286 2601 352 2642 rum
369 2581 412 2641 ibi
430 2581 566 2642 dominus
584 2583 700 2642 nemine
715 2585 852 2642 turbante
863 2583 1017 2642 maiestate
1030 2601 1085 2642 sua
1096 2591 1126 2642 et
1137 2582 1271 2658 potentia
1283 2581 1393 2658 gaude-

286 2691 332 2742 ret
348 2667 436 2755 ull,
455 2691 545 2760 atque
561 2683 720 2743 immensas
737 2683 875 2759 deinceps
893 2702 966 2759 opes
983 2684 1014 2742 vi
1030 2690 1060 2742 et
1077 2683 1189 2759 rapinis
1203 2690 1394 2741 coacervaret

285 2801 315 2840 v.
332 2785 372 2838 13.
406 2783 450 2841 At
466 2801 538 2841 vero
555 2782 703 2842 Dominus
720 2784 902 2842 exercituum
919 2803 980 2844 una
997 2802 1064 2842 cum
1080 2783 1176 2859 copiis
1194 2783 1343 2860 armisque
1364 2792 1396 2840 ct

286 2880 392 2957 spoliis
409 2881 540 2959 undique
550 2883 700 2960 congestis
712 2883 944 2944 dominationem
955 2885 1017 2946 eins
1029 2884 1163 2946 funditus
1176 2883 1292 2944 evertit.
1309 2903 1338 2941 v.
1352 2888 1394 2940 14.

794 3154 822 3194 v.
842 3139 883 3194 12.

337 3279 508 3351 „Immensa
529 3283 601 3342 urbs
623 3301 660 3342 ac
681 3283 743 3342 fere
758 3283 969 3362 insuperabilis
991 3284 1156 3360 permulta
1178 3284 1278 3344 secula
1295 3283 1395 3342 diruta

286 3379 377 3452 iacet3
399 3381 517 3456 imperii
539 3383 610 3442 clim
633 3383 810 3460 amplissimi
833 3385 1031 3456 monimenta,
1063 3385 1231 3460 splendoris
1261 3384 1395 3460 regiique

286 3489 449 3557 apparatus
473 3481 624 3542 domicilia
645 3483 788 3544 hodierno
812 3485 859 3544 die
883 3485 1011 3546 diffindit
1033 3493 1165 3544 aratrum
1175 3485 1194 3557 ¹,
1223 3493 1275 3546 aut
1299 3484 1395 3544 seduli

286 3581 421 3653 accolae,
440 3581 492 3658 qui
509 3583 574 3642 vias
584 3602 638 3659 per
651 3583 763 3644 medias
776 3585 877 3646 ruinas
893 3593 1071 3663 sequuntur,
1089 3586 1272 3646 conculcant.
1290 3585 1394 3644 Verno

287 3687 421 3755 tempore
437 3699 516 3740 nunc
532 3700 656 3760 aggeres
673 3685 857 3759 graminibus
874 3705 907 3746 se
924 3683 1084 3759 vestiunt¹,
1102 3687 1261 3763 omniaque
1273 3685 1395 3744 collium

289 3780 327 3838 ab
341 3780 410 3854 ipsa
422 3788 529 3840 natura
541 3783 741 3858 profectorum
753 3785 824 3863 iugo
837 3794 899 3846 tam
912 3787 1022 3846 similia
1034 3795 1113 3860 sunt,
1127 3787 1364 3846 ntNmnonmus
1372 3784 1394 3858 ³,

287 3899 364 3957 quae
381 3879 561 3942 munimenta
570 3891 773 3959 transgressus
786 3896 881 3962 essct,
899 3887 1051 3948 Mossulae
1064 3888 1180 3948 demum
1195 3887 1341 3962 acceperit
1349 3885 1394 3943 ⁴.“

338 4140 364 4202 1)
381 4139 435 4190 on.
452 4139 532 4192 chnn
549 4149 646 4194 narrat.
665 4159 689 4208 p.
703 4146 743 4196 38.
761 4147 803 4196 43.
822 4148 864 4200 53.

341 4223 368 4282 2)
386 4224 438 4273 Cfr.
456 4227 632 4276 Arnswcnrnr
649 4227 764 4280 'frevela
782 4231 825 4293 II,
843 4232 901 4283 141.
922 4231 981 4282 143.
1000 4258 1033 4270 -
1051 4231 1078 4293 3)
1095 4229 1137 4292 11,
1151 4231 1185 4281 53

339 4307 366 4368 4)
385 4308 494 4358 Toonms
513 4311 529 4360 l.
547 4310 565 4361 l.
584 4327 609 4374 p.
622 4309 663 4362 55.
683 4313 724 4362 56.
