3126 5000
265 353 287 421 6
714 357 788 418 Otr.
801 359 832 431 I,
850 378 878 418 u.
895 361 918 416 1.

263 543 355 602 verbo
372 557 446 604 awo
466 541 578 616 inesse,
605 560 659 602 nec
676 543 750 604 satis
766 543 866 603 valere
889 560 1007 615 eorum,
1033 542 1085 619 qui
1112 561 1177 600 eam
1200 541 1372 617 defendunt,

262 651 436 721 argumenta
459 642 656 717 ostendimus,
684 644 820 703 addenda
841 643 984 703 nonnulla
1009 641 1073 715 vel,
1104 663 1141 702 ne
1163 643 1316 722 longiores
1340 645 1372 704 iu

262 744 319 803 hac
335 743 509 821 quaestione
526 743 634 818 simus,
652 744 837 822 indigitanda
854 744 954 821 potius
971 742 1123 817 videntur,
1142 744 1250 821 quibus
1267 754 1372 805 nostra

262 851 365 920 aperte
385 845 574 902 confirmetur
595 845 748 906 sententia
789 843 963 905 cuiusmodi
985 843 1136 904 afferimus
1153 843 1242 904 Such.
1256 845 1319 918 IX,
1340 852 1371 903 l:

262 959 359 1011 rnnrc
386 959 492 1019 oman
516 959 596 1018 rmn
625 957 708 1019 rnna
729 944 760 1003 'n
780 963 837 1006 mr
859 945 905 1019 ὀ,
935 963 1004 1002 cam
1029 943 1113 1003 verbi
1134 945 1258 1004 Domini
1282 965 1372 1022 super

263 1053 372 1104 terram
393 1043 554 1118 Hadrach,
582 1053 613 1103 et
633 1043 801 1106 Damascus
827 1049 935 1122 rcqar'rs
966 1048 1042 1113 riam
1074 1064 1164 1122 quam
1194 1055 1297 1123 aperte
1321 1046 1371 1106 hic

263 1143 462 1222 significatur,
485 1145 704 1221 praedictorum
721 1167 741 1205 a
764 1146 820 1204 deo
844 1165 966 1206 casuum
983 1164 1059 1206 onus
1081 1144 1195 1224 ingenti
1212 1167 1278 1206 cum
1294 1165 1371 1223 pon·

262 1245 332 1304 dere
358 1245 526 1306 incumbere
549 1245 582 1304 in
604 1254 713 1306 terram
736 1245 895 1321 Hadrach,
926 1256 956 1306 et
983 1245 1124 1306 recubare
1149 1247 1181 1304 in
1206 1247 1369 1321 Damasco,

262 1363 394 1423 premere
411 1329 613 1407 Damascum?
646 1347 763 1406 Deinde
778 1347 836 1407 Ies.
849 1347 920 1421 XV,
940 1353 970 1404 l:
996 1347 1071 1406 'nrm
1091 1341 1160 1409 bb:
1182 1362 1215 1406 ³³
1238 1363 1318 1414 acero
1338 1348 1370 1408 'o

262 1446 409 1524 particula
420 1463 453 1507 *a
467 1446 581 1507 inducit
597 1465 750 1521 caussam,
768 1467 807 1506 ex
824 1468 885 1527 qua
901 1466 976 1507 onus
992 1446 1108 1506 dicatur
1119 1446 1272 1506 imminere
1284 1447 1369 1506 Moa-

262 1546 349 1621 bitis3
374 1547 426 1626 qni
443 1547 524 1624 apud
540 1547 665 1638 alteram
682 1547 764 1608 effati
778 1557 934 1622 vremanent
950 1547 1212 1625 significationem,
1237 1547 1368 1607 affirma·

262 1648 354 1714 tivum
379 1657 557 1726 potestatem
580 1649 743 1708 obtrudunt
757 1649 936 1726 particulae,
962 1667 1052 1727 quam
1069 1668 1231 1726 numquam
1247 1648 1368 1706 omnino

263 1749 353 1808 habet
368 1767 424 1808 neo
440 1767 479 1808 cx
496 1749 575 1808 omni
591 1749 709 1810 ratione
724 1769 780 1810 sua
796 1751 905 1810 habere
921 1757 1029 1826 potest.
1069 1748 1112 1808 Ut
1129 1749 1207 1808 enim
1223 1747 1319 1807 medio
1336 1747 1368 1807 in

261 1867 422 1928 progroesu
445 1869 582 1929 nexuque
609 1850 819 1910 sententiarum
842 1859 947 1910 notare
968 1849 1067 1926 possit
1091 1849 1252 1928 aliquando
1277 1867 1369 1924 „pro-

261 1949 357 2023 iecto,
382 1954 518 2024 revera“,
548 1951 635 2009 initio
658 1959 759 2010 tamen
786 1949 1015 2024 enuntiationis,
1041 1950 1193 2028 multoque
1216 1949 1313 2028 magis
1336 1949 1369 2008 in

262 2049 370 2128 integri
394 2049 501 2126 capitis
526 2050 668 2124 exordio,
699 2051 759 2110 tals
784 2052 856 2130 quid
886 2049 1003 2111 admitti
1033 2050 1115 2109 nullo
1145 2050 1235 2110 modo
1259 2058 1368 2126 potest.

262 2149 362 2225 (Quos
379 2149 446 2210 ΕΝ.
464 2151 589 2229 §didm
613 2150 780 2210 huiusmodi
796 2151 900 2212 laudat
924 2152 1022 2225 locos,
1046 2150 1120 2209 nihil
1136 2153 1194 2210 huo
1210 2151 1368 2227 pertinent,

262 2250 335 2328 quia
356 2249 387 2310 ln
414 2251 511 2312 media
533 2251 745 2312 sententiarum
769 2252 856 2331 quasi
883 2260 987 2312 catena
1003 2251 1146 2312 exhibent
1166 2251 1369 2330 particulam.)

261 2352 359 2411 Porro
376 2352 433 2412 les.
447 2351 527 2411 XXI
547 2360 618 2428 post
640 2351 759 2412 titulum
775 2369 905 2414 urrann
926 2355 956 2414 'a
984 2353 1129 2414 secundus
1146 2352 1248 2414 statim
1263 2351 1369 2428 incipit

261 2471 382 2515 versure
406 2453 504 2514 visum
520 2471 612 2532 grave
635 2462 665 2513 et
681 2453 824 2516 horribile
849 2455 929 2514 dictu
946 2453 1113 2514 nuntiatum
1129 2453 1203 2513 mihi
1227 2461 1288 2525 est;
1314 2453 1368 2512 cir.

262 2553 351 2634 etiam
369 2553 399 2613 'o
420 2575 450 2613 u.
463 2557 495 2614 13
512 2574 578 2614 cum
592 2574 620 2613 v.
636 2558 683 2612 16:
712 2551 821 2616 τίοι-1513
843 2573 904 2616 ra:
925 2571 1006 2616 rnna·
1046 2553 1185 2633 Denique
1200 2554 1260 2614 Ies.
1272 2553 1368 2612 XXII

262 2654 301 2714 ad
319 2657 349 2720 'n
371 2674 399 2713 v.
415 2661 429 2712 l
447 2656 623 2733 inscriptum
640 2654 719 2714 redit
734 2674 763 2713 v.
776 2658 828 2713 25:
853 2663 907 2716 'nu
929 2671 1020 2721 onan
1043 2649 1132 2720 :baur

310 2753 468 2814 Postremo
481 2775 497 2814 e
510 2755 626 2815 duobus
643 2755 704 2815 illis
714 2755 947 2814 Proverbiorum
964 2755 1054 2829 locis,
1072 2753 1178 2827 XXX,
1194 2759 1226 2827 1,
1243 2753 1365 2828 XXXI,

263 2860 294 2928 1,
313 2871 382 2914 vere
401 2856 482 2933 quod
499 2857 584 2915 aiunt
600 2855 794 2932 interpretum
811 2855 962 2930 crucibus,
986 2855 1056 2916 licet
1078 2854 1246 2915 inaccessae
1264 2873 1367 2914 eorum

260 2954 450 3016 difficultates
475 2955 624 3016 tolerabili
646 2956 763 3014 ratione
785 2956 916 3016 nondum
941 2957 1111 3016 enucleatae
1135 2955 1195 3015 sint
1206 2954 1225 3028 ¹,
1251 2963 1368 3014 tantum

261 3064 359 3114 tamen
376 3065 479 3132 patere
492 3057 626 3130 ridetur,
645 3057 742 3116 oneris
760 3057 911 3116 notionem
927 3058 959 3116 in
972 3056 1142 3118 universum
1160 3075 1262 3116 eorum
1278 3073 1366 3134 argu·

260 3163 389 3215 mentum
413 3159 543 3218 maxime
565 3157 729 3236 quadrare,
757 3177 822 3216 oum
845 3159 919 3218 satis
942 3157 1036 3217 multa
1059 3158 1188 3217 habeant
1209 3157 1315 3234 mavia
1337 3165 1367 3216 et

260 3275 402 3332 onerosa3
433 3278 494 3336 quo
518 3259 646 3332 accedit,
677 3258 759 3336 quod
788 3259 819 3318 in
844 3259 938 3319 altero
969 3259 1056 3318 titulo
1079 3258 1208 3330 XXXI,
1236 3263 1249 3314 1
1276 3259 1369 3318 verba

260 3373 319 3426 rnre
340 3375 518 3425 innovasse
540 3376 631 3434 amn,
663 3379 778 3433 „onus,
807 3379 868 3438 qno
892 3359 1051 3436 castigavit
1076 3379 1142 3418 eum
1165 3366 1259 3416 mater
1281 3359 1366 3418 eius“

259 3459 333 3520 satis
351 3459 478 3518 dilucide
495 3467 628 3520 nostram
645 3459 804 3538 indigitare
821 3461 1050 3537 explicationem
1067 3460 1182 3519 debent.
1202 3489 1237 3500 -
1263 3497 1267 3504 ·

309 3561 367 3621 Est
383 3569 481 3620 autem
499 3579 574 3621 onus
591 3561 680 3633 illud,
700 3563 781 3638 quod
798 3561 951 3620 imminere
968 3567 1051 3620 vates
1069 3560 1160 3632 vidit,
1184 3576 1254 3616 onus
1272 3559 1365 3628 Nini,-

259 3661 336 3720 solet
358 3661 436 3720 enirn
459 3659 607 3738 genitivus
624 3661 691 3720 voci
708 3663 738 3721 'a
759 3663 892 3722 adiectus
915 3669 1020 3721 notare
1042 3681 1124 3734 eum,
1148 3660 1232 3720 cuius
1258 3659 1367 3718 cervici

258 3760 402 3838 ingeritur
418 3779 511 3834 onus3
538 3759 626 3822 Sach.
640 3761 704 3836 IX,
725 3768 756 3836 13
774 3763 854 3835 XII,
873 3768 903 3836 13
921 3762 992 3821 Mal.
1007 3762 1039 3836 1,
1059 3767 1071 3820 l
1090 3761 1212 3820 verbum
1230 3760 1367 3838 designat

258 3860 386 3933 domini,
410 3861 491 3938 quod
508 3861 591 3920 oneri
609 3870 663 3922 est.
697 3865 745 3922 De
761 3863 843 3922 Nino
861 3865 934 3922 urbe
957 3863 988 3920 in
1013 3862 1100 3939 proll.
1119 3862 1211 3922 verba
1234 3861 1366 3922 fecimus.

311 4141 335 4202 1)
352 4143 392 4192 Ex
416 4143 461 4205 iis,
490 4142 533 4208 qui
556 4142 695 4194 novissIme
718 4143 829 4194 examini
859 4142 1019 4193 subiecerunt
1046 4143 1129 4202 locos,
1154 4146 1212 4206 post
1235 4139 1365 4190 Ewtunun

258 4225 427 4286 (Iahrbimher
449 4226 495 4276 der
513 4227 574 4276 bibl.
587 4227 667 4277 Wiss.
693 4228 773 4289 1848,
791 4243 816 4291 p.
829 4229 878 4277 108
892 4226 935 4288 ss.)
959 4228 1053 4292 optime
1077 4225 1182 4276 meritus
1205 4230 1244 4275 ost
1261 4221 1365 4274 Karalus

257 4311 448 4371 (Htuvanuruan
465 4310 570 4360 Haudb.
589 4311 635 4360 der
646 4311 714 4360 Einl.
726 4311 767 4360 ins
779 4311 813 4360 A.
826 4311 857 4360 Τ.
870 4312 926 4374 ΙΙΙ,
945 4327 969 4375 ρ.
981 4311 1031 4361 411
1045 4310 1089 4371 ss.)
1106 4307 1276 4359 masorethico
1294 4314 1365 4357 textu

258 4393 393 4456 diligenter
410 4393 515 4444 defenso
534 4401 559 4444 et
576 4396 682 4446 Hrrzrorr
701 4395 859 4457 aliorumque
878 4395 1028 4446 coniecturis
1047 4399 1163 4444 accurate
1181 4392 1306 4444 refutatis.
