3126 5000
267 266 315 336 32
682 267 754 328 Car.
768 268 799 341 I,
816 287 845 328 r.
859 271 954 326 t-tl.

267 464 406 516 nontaotn
422 471 524 514 eornm
541 459 678 530 paratur3
697 453 941 529 „Widerstreben
951 449 1020 510 hilit
1031 450 1126 524 nioht3
1145 452 1225 512 seien
1236 452 1281 512 sie
1296 453 1371 512 anob

266 576 323 635 gar
350 557 408 616 wie
429 555 701 639 Domangebiisohe
723 555 918 625 verdoohten,
948 553 1058 625 kraus,
1086 551 1282 630 hinterlistig,
1310 554 1372 612 und

266 658 387 730 sohlau,
405 675 440 716 so
457 656 527 714 dass
544 673 614 713 man
630 654 719 714 ihuen
736 657 818 715 nieht
828 655 940 727 ushan,
958 653 1012 712 mit
1027 653 1116 712 ihuen
1132 653 1230 714 niohta
1245 673 1283 712 ru
1299 654 1372 712 thuu

265 759 364 817 haben
394 759 493 832 mag.“
526 753 620 831 (Ew.)
662 757 754 833 Apud
783 757 861 815 huno
883 773 1002 814 sensnm
1026 754 1121 814 satius
1143 763 1190 814 est
1209 773 1371 826 manere,

264 878 356 936 quam
379 857 514 933 aooipere
537 855 680 930 alterum,
707 876 729 916 a
751 857 857 930 tuno,
881 855 1038 926 memo,
1068 854 1206 927 liranus,
1237 855 1371 926 Boane,

265 958 446 1019 Unnnnno
469 955 647 1033 probatum,
672 957 780 1034 quibus
797 957 866 1016 vilis
887 965 918 1014 et
933 955 1050 1014 abieoto
1065 954 1225 1031 impiorum
1241 954 1372 1013 nonditio

267 1059 385 1119 videtur
402 1057 582 1135 significata,
600 1055 710 1134 quippe
722 1059 775 1135 qui
787 1058 886 1118 subito
904 1055 1057 1132 spinarum
1071 1056 1168 1115 instar
1183 1056 1252 1132 igue
1268 1055 1371 1114 divino

265 1166 495 1228 consumantur3
521 1157 769 1233 quemadmodum
793 1159 920 1217 habetur
942 1153 1052 1216 isam.
1065 1155 1192 1228 XXIII,
1210 1161 1236 1214 6.
1254 1160 1287 1213 'tr
1318 1165 1373 1228 „at

265 1279 398 1339 nequam
413 1289 450 1304 -
468 1265 502 1316 ut
523 1257 639 1316 abieoto
661 1258 813 1335 spinarum
836 1275 923 1334 sepes
940 1275 1043 1316 omnes
1060 1266 1129 1316 suut
1144 1289 1182 1298 -
1199 1265 1230 1315 et
1251 1257 1371 1316 nomba·

266 1362 366 1420 stione
382 1359 460 1437 ignis
477 1356 689 1416 comburuntur
710 1377 813 1419 omnes
835 1360 866 1418 in
882 1359 950 1418 loon
968 1361 1056 1418 suo.“
1097 1356 1272 1416 churosr
1301 1376 1370 1430 „ao-

266 1463 346 1521 oidet
361 1460 437 1532 illis,
456 1457 537 1537 quod
554 1458 649 1534 spinis
666 1460 818 1536 perplexis
835 1468 865 1518 et
880 1458 1055 1535 implicatis,
1080 1476 1155 1535 quas
1172 1476 1239 1516 oum
1255 1457 1371 1517 solvere

266 1581 327 1620 uon
345 1569 445 1638 potest
460 1558 607 1636 agricola,
625 1558 714 1618 simul
731 1579 833 1620 omues
850 1561 881 1618 in
898 1560 997 1637 ignem
1014 1557 1148 1618 oouiioit:
1166 1559 1296 1617 futurum
1314 1565 1370 1632 est,

267 1671 302 1721 ut
318 1661 407 1724 simul
423 1659 488 1720 neni
505 1659 682 1718 dedatur
716 1662 823 1720 Altera
839 1660 1002 1737 explicatio
1026 1669 1057 1720 at
1078 1659 1204 1718 clariore
1220 1659 1372 1735 exemplo·

267 1781 334 1822 rum
352 1761 503 1821 evidentia
520 1760 757 1835 commendatur,
775 1771 806 1822 et
821 1781 875 1835 ao,
894 1762 975 1840 qnod
992 1775 1105 1834 uranu,
1129 1759 1174 1818 uti
1191 1779 1208 1819 e
1224 1759 1371 1836 parallelo

265 1878 363 1925 nanzo
384 1870 528 1939 apparat,
551 1879 612 1920 uon
627 1861 814 1921 referendum
832 1863 933 1927 estad
949 1861 1065 1939 spinas,
1089 1861 1142 1920 sed
1158 1861 1198 1920 ad
1214 1859 1370 1938 Assyrios.

266 1964 468 2041 Improbanda
491 1969 536 2021 est
558 1960 649 2038 igitur
664 1961 869 2039 interpretatio
886 1963 1044 2022 Lnrusar:
1073 1961 1184 2034 „Deun
1205 1961 1301 2038 gleioh
1323 1960 1370 2021 als

265 2083 353 2123 wenn
376 2064 425 2122 die
441 2063 581 2134 Dornen,
605 2079 640 2120 so
664 2063 741 2120 nooh
758 2063 790 2120 in
813 2063 953 2122 einander
969 2063 1107 2122 waohsen
1132 2062 1192 2122 und
1208 2062 1250 2121 im
1265 2062 1371 2122 beaten

265 2162 334 2226 Saft
356 2162 437 2236 sind,
462 2165 545 2222 eto.“
570 2193 607 2204 -
651 2163 859 2239 Amplifioatur
883 2164 983 2242 imago
1007 2163 1107 2222 verbis
1132 2162 1369 2222 suceedentibus:

263 2275 292 2324 st
316 2273 348 2322 ot
370 2267 435 2322 nino
458 2281 509 2321 suo
530 2262 669 2320 inebriati.
708 2278 771 2324 aaa
797 2273 902 2340 potum
927 2263 1073 2342 significat
1097 2263 1144 2322 vel
1164 2263 1280 2336 ιίιιιιιιι,
1304 2271 1370 2322 tan-

265 2383 356 2443 quam
379 2373 483 2440 potum
506 2362 715 2440 praecipuum,
743 2363 795 2424 oir.
814 2365 980 2438 Ies.1,22;
1004 2363 1081 2424 Hos.
1094 2364 1186 2436 VIII,
1205 2369 1237 2421 14
1253 2363 1369 2440 (vinum

266 2485 323 2542 pro
336 2465 397 2524 vini
410 2466 515 2524 effectu
529 2463 669 2542 dictum),
687 2483 782 2542 neque
794 2485 865 2524 vero
879 2465 1128 2543 oompotudouem
1138 2463 1251 2541 (Bw.);
1269 2464 1369 2524 vinnm

265 2574 366 2626 autem
382 2584 478 2624 ansata
502 2564 625 2637 dicitur,
648 2583 709 2642 quo
732 2566 829 2626 solent
851 2567 1013 2644 perpotari.
1047 2565 1113 2624 Neo
1128 2583 1200 2623 vero
1227 2565 1370 2625 omissum

264 2675 312 2726 eat
333 2683 355 2726 n
375 2665 524 2738 mussula,
542 2666 623 2741 quod
639 2664 738 2737 aiunt,
756 2667 809 2725 sed
826 2667 989 2728 anousatiri
1005 2666 1118 2743 speeies
1135 2674 1198 2738 est,
1217 2685 1307 2743 quam
1324 2665 1369 2725 vi-

264 2767 363 2826 dimus
380 2787 409 2824 v.
424 2770 456 2836 83
472 2765 527 2823 eir.
544 2764 601 2823 Ies.
615 2763 742 2836 XXIX,
760 2770 791 2822 9:
821 2762 931 2840 ,nt-atr
953 2782 1047 2834 trum.
1091 2765 1160 2841 Qua
1175 2765 1368 2826 similitudine

266 2885 327 2925 non
344 2865 405 2923 tole
419 2864 494 2941 qnid
509 2863 594 2921 innui
611 2863 833 2938 existimamus,
851 2865 940 2943 quale
958 2866 1032 2926 vidit
1045 2867 1219 2926 Erramus:
1237 2865 1368 2943 „glum-

264 2985 332 3027 aam
348 2966 379 3024 in
392 2965 480 3023 Wein
496 2963 625 3037 ersauft,
643 2982 678 3023 so
695 2965 766 3024 dass
783 2965 837 3025 das
853 2966 951 3026 Fauor
965 2967 1055 3026 ihnen
1071 2967 1129 3028 wie
1146 2966 1234 3026 allem
1246 2967 1366 3026 Nasson

266 3067 349 3126 nieht
377 3065 505 3125 aehaden
534 3083 572 3122 an
600 3065 721 3123 kduuen
750 3065 907 3139 aoheint;“
936 3087 1007 3128 nam
1029 3087 1084 3126 neo
1111 3067 1243 3128 immersi
1271 3067 1366 3140 notio,

265 3185 357 3245 quam
379 3166 468 3226 infert
489 3165 582 3225 verbo
615 3181 695 3239 auo,
725 3165 841 3228 idoneis
864 3167 986 3243 probari
1009 3167 1153 3246 exemplis
1175 3176 1289 3246 potest,
1312 3187 1368 3228 uso

266 3278 374 3328 natura
389 3265 592 3328 huiuscemodi
609 3265 747 3344 imaginis
763 3269 920 3344 magnifica
936 3268 1010 3328 satis
1022 3277 1114 3346 atque
1125 3269 1295 3346 ponderosa
1311 3277 1366 3329 est.

265 3369 331 3428 Imo
354 3367 493 3444 superbia
516 3375 546 3426 et
562 3366 712 3426 temeritas
734 3367 909 3445 indigitetur
925 3369 1135 3447 Assyriorum,
1159 3369 1211 3447 qni
1228 3370 1302 3428 adeo
1320 3376 1366 3426 tu·

264 3479 315 3529 tos
333 3487 398 3528 sese
414 3475 505 3545 atque
521 3466 788 3528 iurineibilesesse
811 3468 934 3543 iaoteut,
958 3477 992 3528 nt
1014 3487 1052 3528 na
1068 3470 1230 3528 mvendnm
1247 3469 1366 3547 quidam
1474 3489 1480 3496 ’

264 3569 325 3630 sibi
343 3570 381 3628 ab
399 3569 485 3628 hoste
501 3567 670 3644 opinentur,
684 3567 811 3645 ideoque
828 3577 1038 3646 oomparautnr
1053 3569 1101 3643 iis,
1115 3571 1166 3647 qni
1182 3571 1215 3629 in
1228 3569 1365 3629 oommis·

265 3670 417 3729 sationum
441 3668 566 3728 lascivia
582 3667 662 3726 bono
688 3687 850 3746 securoque
875 3670 974 3730 animo
991 3671 1179 3748 indulgeaut3
1202 3671 1256 3729 eir.
1273 3670 1365 3728 Prov.

265 3770 335 3841 XV,
357 3772 403 3828 15:
429 3768 546 3842 „bonus
562 3767 679 3828 animus
696 3768 870 3846 quotidiana
886 3779 933 3832 est
948 3771 1162 3848 compotatio*
1197 3771 1284 3845 Quae
1299 3787 1365 3830 sen-

263 3870 357 3929 tentia
380 3867 502 3926 mirifice
524 3869 736 3945 comprobatur
757 3869 810 3943 iis,
846 3889 923 3947 quaa
942 3869 1109 3932 Drooouns
1128 3871 1175 3943 H,
1197 3875 1231 3928 26
1254 3871 1291 3930 ds
1313 3889 1365 3928 ax·

263 3969 445 4047 pugnatione
462 3967 535 4027 Nini
558 3968 693 4028 tradidit:
723 3968 871 4031 Hostibus
894 3979 940 4031 ter
960 3971 1142 4050 profligatis,
1165 3971 1277 4032 fantum
1300 3989 1366 4030 asae

186 4083 189 4092 ⁴
264 4079 297 4129 ut
315 4090 369 4128 rex
381 4069 590 4148 Assyriorum,
609 4069 836 4130 Bactrianorum
850 4072 1042 4132 defectionem
1054 4071 1197 4150 ignorans
1215 4079 1244 4130 et
1255 4070 1365 4148 prioris

263 4169 401 4258 fortunae
418 4170 599 4249 benignitate
616 4170 728 4246 elatus,
751 4171 791 4230 ad
808 4172 901 4232 otium
925 4163 1146 4252 aese'ignavum
1170 4180 1364 4244 converteret,

263 4271 385 4348 suisque
401 4272 440 4331 ad
457 4272 550 4334 festas
566 4271 670 4349 epulas
693 4271 904 4349 instituendas,
927 4293 1036 4354 magna
1051 4273 1236 4334 viodmarum
1258 4271 1365 4332 etvini
