3124 4988
491 311 516 386 p.
535 312 560 367 5.
587 309 638 367 Du
655 324 752 366 nanos
770 309 980 366 Assrmonun.
1237 326 1290 366 nix

190 512 258 552 nam
276 499 309 550 ut
332 513 398 551 curn
415 492 575 569 Aegyptiis
601 500 666 550 tuto
689 497 791 566 posset
814 489 989 566 confligere,
1014 490 1290 567 Hierosolymorum

189 593 338 668 praesidio
356 593 409 651 niti
427 593 553 651 debebat
559 613 567 663 3
593 590 682 667 idque
701 609 736 647 eo
754 589 863 665 magis,
888 608 954 648 cunr
972 590 1189 667 Aegyptiorum
1206 610 1290 649 exer·

190 693 289 764 citum,
304 694 329 753 si
339 693 412 752 fides
423 693 560 750 habenda
572 699 617 749 est
630 690 787 748 annalibus
802 691 841 748 ab
853 689 920 765 ipso
935 708 1004 766 rege
1015 691 1197 766 perscriptis,
1212 692 1291 766 apud

189 791 383 852 Lachisoham
399 793 459 852 iam
477 799 645 868 superasset
653 789 671 862 ¹,
705 797 735 848 et
757 789 945 863 Thirrhaka,
970 791 1187 868 Aegyptiorum
1210 791 1291 866 prin·

189 1048 285 1099 Athen.
303 1048 365 1110 1.1.;
384 1047 466 1098 altero
484 1051 540 1100 loco
558 1050 667 1099 habetur
685 1045 758 1110 800),
775 1049 817 1098 the
836 1049 1011 1100 accumulated
1028 1050 1122 1100 wealth
1141 1050 1171 1099 oi
1185 1051 1228 1100 the
1245 1066 1291 1100 no-

189 1131 244 1181 bles
262 1132 292 1182 of
306 1131 501 1198 Chazakijahu's
520 1141 605 1196 court,
629 1133 680 1183 aud
699 1133 729 1182 oi
743 1133 811 1182 their
828 1133 979 1198 daughters,
1002 1134 1067 1183 with
1084 1135 1127 1183 tha
1145 1135 1245 1186 officere
1262 1137 1292 1184 of

189 1215 228 1266 his
245 1217 347 1280 palace,
365 1231 424 1266 meu
442 1218 525 1266 slaves
544 1218 596 1267 aud
613 1217 824 1267 women'slaver.
859 1219 874 1267 1
896 1216 1053 1267 returned
1076 1223 1108 1267 to
1125 1219 1290 1279 Nineveh,

189 1299 241 1350 and
258 1301 273 1349 I
290 1300 430 1351 accouuted
447 1299 497 1352 this
514 1301 581 1365 spoil
596 1301 638 1350 for
656 1300 699 1350 the
716 1301 811 1351 tribute
828 1301 913 1353 which
935 1302 967 1352 he
990 1302 1093 1352 refused
1110 1309 1137 1352 to
1154 1317 1205 1367 pay
1222 1303 1287 1353 me.“

189 1381 276 1446 Quae,
294 1386 337 1434 ubi
354 1383 524 1447 detrahimus,
542 1399 607 1449 quae
625 1385 770 1448 obvanam
787 1385 885 1448 gloriae
902 1387 1065 1436 iactationem
1079 1387 1234 1451 amplificata
1246 1401 1290 1452 ap-

190 1475 293 1532 parent,
316 1475 473 1533 quantopere
497 1471 633 1519 concinant
654 1485 710 1519 cnm
735 1468 824 1532 2Reg.
842 1468 950 1530 XVIII,
968 1472 1028 1519 ni.
1047 1470 1086 1519 13.
1106 1473 1147 1521 14.
1166 1473 1211 1533 15,
1234 1472 1290 1524 luce

188 1551 282 1602 clarius
298 1554 456 1617 perspicitur.
492 1552 612 1602 Ceterum
630 1554 731 1602 videtur
747 1553 915 1614 monendum,
938 1552 1132 1603 Rawnnsouimr
1149 1570 1231 1618 neque
1250 1570 1289 1605 ar-

187 1641 366 1698 gumentorum
384 1636 597 1701 ponderansque
615 1637 723 1686 aliorum
746 1651 786 1684 vv.
804 1636 846 1684 dd.
872 1651 997 1685 consensu
1015 1653 1114 1700 cerere,
1141 1654 1197 1687 cum
1219 1641 1290 1702 pala-

189 1719 254 1768 tium
272 1719 488 1788 Koyundjucense
506 1719 679 1774 aSanheribo
697 1718 827 1768 conditum
845 1720 974 1769 existimet
992 1727 1017 1769 et
1033 1722 1122 1770 titulos
1140 1722 1172 1770 ab
1189 1721 1235 1771 illc
1252 1722 1289 1771 ibi

189 1815 245 1850 esse
262 1803 410 1868 inscriptos,
431 1821 518 1856 verum
536 1807 675 1856 Lariano!
692 1808 718 1853 et
735 1801 857 1852 Ηιιιιιιιιιιι
878 1803 954 1866 plane
977 1802 1045 1854 idern
1067 1804 1193 1867 iudicare,
1217 1806 1290 1855 sicuti

188 1885 309 1936 Hinnsrus
328 1895 354 1937 et
371 1891 425 1954 ipse
437 1889 575 1954 Sarginam
591 1903 674 1939 novae
691 1887 826 1951 dynastiae
845 1893 974 1938 auctorem
984 1902 1041 1938 esse
1053 1890 1191 1940 existimat.
1218 1889 1291 1940 Miri·

189 1967 238 2016 fice
256 1977 339 2021 autem
362 1974 388 2022 ll.
408 1989 440 2024 ss.
463 1974 638 2040 comprobatio
664 1972 710 2022 illa
727 1971 856 2036 quomodo
875 1971 1051 2034 confirmetur,
1074 1989 1088 2024 e
1111 1989 1179 2024 nova
1201 1989 1290 2025 mouu-

189 2060 333 2105 meutorum
355 2072 372 2106 a
393 2057 536 2110 Sanheribo
559 2057 719 2108 conditorum
742 2055 905 2118 collectione,
934 2071 1009 2119 quam
1032 2058 1100 2122 typis
1124 2060 1175 2108 iam
1198 2060 1291 2110 excudi

189 2149 266 2199 supra
283 2139 394 2192 diximus
411 2158 470 2209 pag.
482 2143 612 2195 XXXIII.
630 2149 692 2203 not,
710 2140 884 2204 quaerendum
902 2141 957 2190 erit.

241 2222 266 2284 1)
283 2222 325 2272 Ita
342 2227 411 2274 enim
430 2231 525 2293 optime
543 2227 680 2278 difficultas
697 2224 743 2273 illa
760 2223 876 2286 expediri
898 2224 974 2272 nobis
995 2239 1071 2287 posse
1088 2225 1202 2286 videtur,
1225 2241 1290 2290 quae

190 2311 306 2354 versatur
324 2309 350 2356 in
369 2319 460 2360 eventu
478 2313 593 2361 vaticinii
610 2311 659 2359 Ier.
677 2308 744 2367 XX,
763 2322 786 2354 v.
804 2305 893 2355 4-6.
923 2307 1083 2356 Praedicitur
1099 2308 1135 2355 ibi
1153 2309 1290 2359 secundum

190 2388 291 2448 signum
310 2392 337 2440 in
355 2393 425 2442 nuda
442 2395 542 2444 Iesaiae
560 2392 731 2443 ambulatione
750 2390 907 2452 propositum
925 2391 1072 2452 Aegyptum
1090 2397 1116 2440 et
1126 2391 1291 2456 Aethiopiam

192 2471 268 2533 (quae
286 2475 331 2524 sub
350 2477 439 2526 eodem
458 2491 518 2541 rege
534 2482 595 2524 tunc
612 2475 761 2524 coniunctae
779 2469 864 2530 erant)
885 2473 917 2521 ab
936 2474 1051 2536 Assyriis
1073 2489 1130 2522 curn
1151 2477 1292 2538 ignominia

192 2555 314 2607 abductas
336 2559 393 2610 fore
414 2562 442 2610 iu
465 2561 652 2624 captivitatem,
676 2557 715 2606 ita
735 2561 764 2604 ut
781 2553 870 2603 Iudaei
893 2556 935 2618 (id
958 2556 1026 2619 quod
1047 2564 1122 2619 caput
1139 2561 1175 2608 rai
1193 2559 1247 2620 est)
1266 2563 1293 2612 in

193 2641 291 2692 auxilio
308 2657 395 2694 eorum
412 2646 507 2695 frustra
524 2643 688 2694 confiderent.
723 2640 779 2689 Iam
797 2651 859 2687 vero
877 2640 953 2689 trium
971 2655 1096 2690 annorum
1118 2645 1217 2693 notatio
1238 2659 1262 2694 r.
1277 2647 1292 2695 3

192 2729 261 2773 certo
279 2726 313 2775 ad
329 2729 430 2779 Iesaiae
454 2731 554 2793 signum
577 2725 739 2776 referendum
764 2729 815 2785 cst3
838 2729 922 2787 potest
945 2731 1030 2774 antem
1052 2726 1130 2774 etiam
1152 2726 1186 2776 ad
1204 2727 1293 2792 Aegy-

193 2807 303 2868 ptiorum
321 2813 419 2863 cladem
438 2813 551 2862 futuram
569 2811 644 2862 simul
661 2811 798 2874 pertinere.
817 2808 872 2857 Iam
890 2823 951 2859 vero
969 2811 997 2859 in
1014 2809 1148 2860 annalibus
1164 2811 1215 2860 illis
1227 2810 1292 2863 San-

192 2889 275 2942 heribi
292 2894 356 2946 haec
372 2899 492 2962 legimus:
518 2895 591 2960 ,The
608 2895 684 2958 luinge
701 2893 731 2944 ol
745 2894 831 2957 Egypt
848 2893 903 2944 also
921 2899 978 2942 sent
988 2893 1130 2945 ,horsemeu
1152 2894 1204 2943 and
1226 2896 1293 2947 foot-

192 2989 266 3037 men,
288 2978 426 3047 belonging
449 2989 476 3032 to
498 2981 542 3030 the
560 2995 632 3043 army
650 2979 679 3029 of
694 2976 738 3026 the
755 2977 819 3040 king
839 2977 869 3026 ol
883 2977 1006 3028 Mirukha
1021 2979 1121 3040 (Merob
1138 2995 1169 3029 or
1185 2981 1294 3032 Aethio·

192 3058 258 3121 pia),
274 3061 304 3109 oi
319 3064 402 3114 which
421 3066 463 3116 the
480 3064 604 3115 numbers
627 3062 703 3113 could
720 3069 767 3113 not
783 3064 816 3113 be
833 3062 951 3114 counted.
973 3062 1005 3111 In
1022 3062 1066 3111 the
1082 3063 1294 3126 neighbourhood

193 3143 223 3193 of
237 3144 281 3193 the
298 3148 349 3210 city
367 3148 487 3198 Allalrhis
504 3147 632 3211 (Lachish)
649 3147 663 3195 I
683 3147 772 3212 joined
795 3147 876 3197 battle
900 3144 964 3196 with
986 3145 1063 3195 them.
1098 3146 1155 3196 The
1178 3149 1293 3212 captains

193 3227 223 3276 oi
238 3227 281 3277 tho
298 3230 400 3281 cohorts
418 3232 469 3281 and
486 3231 529 3281 tha
547 3245 634 3296 young
650 3245 710 3280 meu
727 3230 757 3280 of
771 3229 814 3279 the
832 3229 909 3292 kings
926 3227 957 3278 of
970 3229 1069 3292 Egypt,
1093 3228 1146 3278 and
1169 3229 1212 3279 the
1234 3246 1292 3295 cap·

193 3313 260 3364 tains
278 3313 308 3363 ol
322 3315 365 3364 the
383 3315 486 3365 cohorts
504 3317 534 3366 ol
548 3316 592 3364 the
609 3315 672 3377 king
689 3313 720 3363 oi
735 3311 868 3376 ,hierob‚“
892 3312 907 3361 I
923 3317 969 3376 put
985 3318 1013 3361 to
1030 3311 1073 3361 the
1090 3313 1178 3362 sword
1200 3315 1227 3362 iu
1251 3315 1294 3364 the

192 3404 299 3463 country
317 3399 347 3449 of
360 3399 468 3449 Lobana
484 3398 627 3463 (Libnah).“
651 3396 696 3448 cfr.
719 3395 809 3446 Ram.
833 3394 949 3446 Outlines
970 3411 994 3460 p.
1007 3397 1121 3446 XXXV.
1156 3395 1254 3457 Quibus
1272 3401 1294 3448 si

192 3479 256 3530 lides
274 3484 378 3533 omnino
395 3490 435 3534 est
451 3483 585 3546 habenda,
608 3483 756 3532 vaticinium
774 3480 838 3530 illud
855 3479 969 3542 Iesaiae,
992 3481 1062 3530 cuius
1080 3486 1185 3530 eventus
1207 3482 1292 3532 nullus

193 3563 277 3614 adhuc
299 3573 400 3629 poterat
422 3569 527 3632 probari
548 3566 597 3630 (de
613 3567 631 3615 l.
648 3565 717 3615 Nah.
734 3565 790 3627 111,
809 3567 823 3614 8
843 3579 875 3614 ss.
904 3562 948 3613 cfr.
971 3562 1040 3612 inira
1063 3579 1088 3627 p.
1101 3563 1134 3614 98
1147 3563 1196 3625 ss.)
1217 3565 1294 3629 plane

193 3647 335 3699 confectum
353 3660 405 3716 est;
421 3667 482 3704 nam
499 3653 687 3718 Aegyptiorum
703 3650 796 3715 copiis,
819 3663 884 3713 quae
902 3648 1010 3713 primum
1026 3647 1197 3709 advenerunt,
1219 3649 1292 3714 iuga*

193 3731 241 3791 tis,
260 3734 322 3782 satis
339 3749 464 3800 superque
481 3739 624 3802 intelligere
642 3735 770 3786 debebant
787 3733 891 3794 Iudaei,
910 3732 1011 3782 abillis
1029 3732 1152 3782 auxilium
1171 3732 1219 3782 sibi
1235 3735 1292 3782 nnl-

193 3815 246 3864 lum
264 3820 463 3881 exspectandum
486 3835 555 3884 esse;
578 3828 605 3870 et
628 3820 668 3870 vel
691 3825 791 3882 tempus
812 3817 991 3883 praestitutum
1013 3818 1129 3867 evenisse
1150 3817 1292 3879 putandum

193 3906 275 3962 esset,
308 3901 329 3950 si
360 3902 427 3952 forte
454 3901 577 3968 Sargonis
603 3904 732 3968 expeditio
759 3901 881 3952 adversus
898 3901 1035 3951 Asdodum
1061 3907 1175 3951 extremo
1193 3899 1292 3951 Salma-

193 3985 306 4036 nassaris
323 3999 391 4036 auno
408 3985 477 4037 facta
494 3993 575 4048 esset,
600 4004 656 4038 cnm
673 3985 741 4036 ΙΙΙ10
760 3999 828 4034 auno
846 3983 972 4036 Sanherib
990 3985 1163 4038 Palaestinam
1180 3986 1292 4034 intravit.

192 4067 282 4132 quue
299 4069 381 4134 magis
399 4069 597 4133 comprobantur
613 4069 740 4120 Babsahis
757 4069 849 4132 verba,
871 4071 915 4132 qui
932 4070 1081 4134 Aegyptum
1099 4067 1167 4116 dixit
1183 4081 1292 4118 cannam

193 4155 266 4214 quasi
283 4154 438 4204 subtractam
455 4167 511 4202 esse
533 4153 643 4218 (vrtuti
666 4152 772 4219 mittun
790 4153 933 4204 dirrhakae
945 4159 1030 4203 antem
1045 4151 1209 4200 iactationem
1221 4151 1293 4201 iliam

193 4235 248 4296 (cir.
266 4251 323 4302 pag.
337 4239 396 4300 loo)
421 4245 446 4287 et
462 4236 590 4286 Herodoti
612 4238 787 4286 narrationem
810 4235 923 4300 defuga
944 4236 1110 4300 Assyriorum
1133 4235 1213 4298 probe
1235 4251 1291 4286 cum

144 4341 151 4350 ··
192 4319 243 4370 illis
261 4321 379 4387 coniungi
400 4336 476 4388 posse
493 4323 577 4387 patet,
601 4320 678 4373 modo
702 4327 860 4385 reputemus,
882 4319 981 4372 cladem
1003 4317 1119 4381 Assyriis
1142 4333 1159 4369 a
1180 4319 1293 4370 Domino
