3124 4988
287 315 385 358 xxxvr
636 295 881 354 Paonaoounus.
906 293 979 352 Ore.
998 292 1037 350 ll.

289 482 421 542 Primum
439 479 515 538 enim
534 478 665 554 quinque
678 478 822 555 Assyriae
840 477 1010 536 literaturae
1027 475 1141 550 species
1158 474 1390 549 distinguuntur,

289 599 448 640 cuneorum
461 579 675 654 compositione
685 579 834 638 diversae:
848 577 975 654 assyria,
985 573 1205 653 simplicissima
1215 575 1278 646 illa,
1291 576 1393 632 medo-

288 681 422 758 essyrhr,
440 679 620 755 babylonica
636 680 767 738 maxime
783 679 939 754 impedite,
963 675 1392 751 schonowiam-babylonica,

289 791 441 858 postremo
459 780 618 856 elymaica3
642 780 749 856 quibus
772 788 870 838 tamen
893 777 1030 836 omnibus
1047 777 1170 834 eandem
1192 776 1319 852 exprimi
1335 776 1393 834 lin·

290 901 378 959 guam
397 880 585 951 existiment,
603 880 795 940 dialectornm
813 879 1016 940 tantummodo
1035 878 1207 936 diversitate
1216 876 1363 935 variatam
1373 877 1391 934 ¹.

291 981 479 1042 Gravissima
496 988 594 1040 autem
611 981 756 1040 dissensio
775 989 820 1040 est
837 981 874 1038 de
891 980 1042 1054 signorum
1059 985 1208 1052 potestate
1214 999 1223 1048 ;
1242 977 1395 1054 quaeritur

290 1081 382 1153 enim,
402 1091 499 1140 utrum
517 1099 600 1141 suam
618 1099 753 1158 quaeque
769 1081 939 1156 expriment
956 1079 1106 1137 notionem
1125 1086 1154 1137 et
1170 1077 1391 1154 cogitationem,

197 1241 200 1248 ,
291 1203 330 1242 an
348 1182 481 1258 syllabas
496 1180 643 1257 integrae,
668 1199 707 1239 an
723 1181 825 1240 literas
842 1188 973 1252 tentum,
998 1187 1195 1238 consonantes
1218 1187 1248 1238 et
1265 1178 1393 1236 vocales.

291 1285 393 1359 Atque
409 1281 541 1356 aliquam
558 1281 675 1357 quidem
693 1281 845 1356 signorum
862 1287 978 1355 partem
995 1297 1060 1338 esse
1082 1278 1337 1354 ideographicam,
1362 1285 1394 1336 ut

290 1383 388 1454 aiunt,
407 1381 520 1458 primus
536 1381 691 1457 perspexit
706 1381 859 1440 Hirrnsrus
869 1379 894 1451 ’3
909 1379 996 1438 simul
1014 1387 1112 1438 autem
1125 1379 1278 1454 permultIs
1290 1377 1393 1454 figuris

292 1483 425 1559 syllabas
450 1481 602 1542 contendit
625 1481 819 1558 significari³;
849 1481 881 1538 in
901 1489 1029 1556 utroque
1050 1479 1279 1538 consentientem
1305 1479 1395 1536 hebet

291 1582 465 1654 Rawulne,
493 1581 546 1658 qui
563 1590 661 1640 tamen
678 1581 708 1639 in
726 1601 762 1640 eo
780 1601 840 1642 non
857 1580 1020 1658 acquievit,
1037 1599 1139 1637 verum
1157 1579 1289 1654 singulas
1306 1579 1394 1637 etiam

290 1682 420 1758 exprimi
436 1681 539 1742 literas
556 1682 722 1755 existimat,
740 1682 784 1742 ita
800 1691 833 1742 ut
850 1681 1057 1758 antiquissima
1070 1693 1211 1738 cuneatus
1223 1679 1395 1755 scriptionis

291 1782 429 1858 exempla
445 1783 582 1842 notiones
599 1802 653 1858 per
669 1784 830 1858 figurarum
848 1781 1054 1842 similitudines
1068 1781 1222 1839 videantur
1238 1779 1394 1850 indicasse,

291 1883 397 1944 deinde
415 1883 547 1958 syllabss
565 1891 679 1942 tantum
697 1892 727 1942 et
743 1893 894 1958 postremo
911 1881 1024 1958 primes
1036 1900 1171 1957 quasque
1186 1882 1292 1940 harum
1305 1879 1395 1956 sylla·

293 1985 397 2042 barum
409 1983 512 2042 literae
527 1983 616 2044 solas.
628 1983 677 2041 Ad
691 1983 813 2042 eandem
827 1982 1000 2042 sententiam
1012 1990 1209 2058 pervenerunt
1220 1998 1262 2038 nn
1275 1979 1395 2040 Snuucr

293 2091 322 2142 et
340 2082 543 2141 Gnorsrsrvn.
551 2083 572 2155 ⁴,
591 2084 818 2142 assentientibus
832 2085 938 2143 Borrr
952 2092 981 2141 et
994 2083 1272 2141 Loswnnsrsnuro.
1290 2081 1396 2140 Disce·

293 2390 317 2438 p.
330 2379 345 2426 5
359 2392 406 2439 ss,
425 2375 495 2426 aliud
513 2377 655 2438 posteriore
673 2383 758 2426 aetate
777 2374 905 2426 invenitur
923 2378 1064 2437 turcicum,
1082 2390 1150 2436 non,
1166 2383 1195 2424 ut
1209 2375 1272 2424 illud
1283 2373 1395 2439 quidem,

292 2463 429 2510 asinistra
451 2460 485 2510 ed
509 2459 656 2522 dexteram,
687 2475 774 2510 verum
798 2476 814 2509 a
836 2462 945 2511 dextera
968 2462 1002 2512 ad
1024 2464 1321 2520 sinistramexaratum,
1345 2473 1395 2521 quo

292 2545 412 2604 privatIm
435 2545 474 2592 usi
497 2544 576 2594 fuisse
594 2545 726 2605 videntur,
748 2545 893 2596 Phoeniciis
917 2547 998 2596 literis
1016 2545 1084 2596 haud
1108 2545 1243 2606 dissimile3
1268 2544 1313 2593 clr.
1331 2544 1394 2592 Lar.

292 2642 317 2690 p.
330 2629 378 2678 275
392 2643 425 2678 ss.
443 2627 495 2689 (II,
512 2641 537 2688 p.
552 2628 601 2677 164
613 2631 664 2692 ss).
701 2631 772 2679 Idem
796 2646 876 2693 genus
899 2632 925 2680 in
949 2632 1018 2680 vasis
1041 2630 1193 2694 quibusdam
1214 2629 1334 2679 fictilibus
1356 2629 1396 2675 in-

292 2714 412 2778 scriptum
436 2718 602 2775 putaverunt,
624 2728 690 2775 qnae
711 2721 813 2777 reperta
835 2716 863 2764 irr
885 2714 949 2764 Nini
978 2716 1058 2764 ruinis
1077 2715 1222 2764 londinum
1244 2714 1344 2778 perlata
1366 2714 1395 2761 in

292 2796 384 2844 Museo
401 2795 551 2844 Britannico
576 2803 690 2859 exstent3
713 2805 740 2848 at
758 2800 816 2848 licet
834 2801 877 2850 vix
895 2800 982 2864 aliqua
998 2799 1079 2848 verba
1095 2801 1171 2864 plane
1189 2801 1240 2848 sint
1253 2799 1395 2856 enucleata,

293 2880 401 2944 perspici
417 2885 504 2928 temen
523 2879 606 2930 adbuc
624 2884 718 2945 potnit,
737 2883 770 2932 ad
789 2884 949 2934 chaldaicum
967 2898 1111 2934 sermonem
1129 2901 1162 2936 ea
1178 2883 1313 2936 referenda
1330 2896 1394 2932 esse.

293 2963 337 3010 cfr.
355 2961 518 3012 Athenaeum
535 2964 617 3014 Lond.
637 2967 718 3028 1851,
735 2967 786 3017 No.
799 2971 874 3019 1348.
975 3005 977 3012 -

345 3044 369 3106 1)
388 3045 441 3096 Cir.
458 3045 556 3096 Bouorn
574 3048 590 3095 l.
602 3048 620 3096 l.
638 3064 662 3112 p.
676 3050 830 3102 350-356.

344 3125 369 3191 2)
387 3130 441 3180 Cir.
460 3130 620 3180 Athenaeum
637 3133 719 3182 Lond.
739 3137 818 3185 1850.
836 3152 860 3200 p.
873 3137 931 3186 555.
949 3151 991 3201 qq.

344 3212 370 3274 3)
387 3213 440 3263 Gfr.
457 3213 518 3263 ibid.
537 3231 560 3279 p.
576 3217 634 3267 908.
664 3219 751 3268 Hrurrs.
770 3234 899 3284 nunquam
917 3222 1031 3286 singulas
1048 3222 1136 3272 literas
1153 3223 1239 3272 cuneis
1257 3219 1394 3284 significari

291 3298 430 3346 existimet.

342 3379 368 3440 4)
386 3381 439 3431 Clr.
457 3382 583 3434 Ruwuus.
601 3386 744 3437 Commeat.
762 3403 797 3438 on
814 3390 857 3438 the
875 3389 974 3440 Ormeil.
990 3391 1069 3439 Inscr.
1087 3407 1111 3453 p.
1124 3393 1141 3439 4
1153 3405 1186 3444 aa.
1203 3389 1315 3438 Mamoir
1330 3404 1356 3452 p.
1368 3391 1393 3438 4.

292 3465 337 3514 cir.
355 3464 518 3516 Athenaeum
537 3469 616 3530 1850,
632 3486 657 3534 p.
671 3472 728 3521 908.
758 3472 858 3522 Bouorrr
874 3475 892 3524 l.
905 3475 922 3522 l.
941 3489 964 3536 p.
977 3474 1027 3521 374
1039 3487 1072 3520 ss.
1096 3471 1224 3522 Remos.
1242 3472 1269 3520 in
1287 3473 1394 3536 epistola

292 3562 315 3597 a.
328 3549 353 3597 d.
372 3548 438 3598 VIII
455 3550 509 3600 Cal.
528 3550 631 3604 Octobr.
656 3558 717 3606 anni
741 3557 871 3621 praeteriti
888 3555 951 3604 Nini
971 3557 1111 3618 perscripto
1127 3555 1181 3616 (cir.
1201 3554 1296 3606 Athen.
1317 3559 1392 3618 1852,

291 3631 343 3682 No.
356 3633 431 3682 1311.
449 3636 564 3697 p.136‘.>)
582 3647 712 3688 asseverat
730 3641 803 3702 „thet
825 3641 868 3690 the
892 3654 937 3688 ere
961 3639 990 3688 ol
1004 3637 1173 3688 Nabonassar
1189 3640 1276 3690 marks
1293 3640 1336 3690 the
1353 3642 1393 3690 in·

246 3771 263 3796 '
292 3717 438 3768 troduction
455 3719 485 3768 of
499 3722 625 3786 Assyrium
643 3724 747 3786 writing
768 3725 824 3774 into
840 3723 999 3785 Babylonia,
1021 3724 1109 3774 where
1133 3740 1150 3774 a
1172 3725 1237 3776 kind
1259 3725 1289 3776 oi
1308 3725 1391 3776 biero-

291 3800 394 3864 glyphic
411 3804 472 3864 only
489 3818 543 3852 was
560 3807 705 3870 previously
722 3809 748 3856 in
766 3811 819 3856 lise.
854 3809 894 3858 He
913 3808 1021 3871 thought
1043 3809 1076 3858 ha
1092 3809 1144 3858 hed
1161 3810 1242 3860 found
1262 3810 1392 3870 evidence,

291 3887 348 3938 that
363 3887 407 3938 the
425 3886 599 3952 hieroglypbic
617 3891 720 3956 writing
738 3891 789 3940 bed
806 3893 872 3942 been
889 3893 988 3944 carried
1006 3900 1032 3944 to
1045 3895 1154 3957 Assyria
1170 3896 1198 3944 X
1215 3910 1245 3944 or
1261 3895 1317 3944 XII
1334 3909 1391 3944 cen·

290 3971 369 4020 turies
387 3972 475 4022 before
492 3973 536 4021 the
554 3973 683 4024 Christian
701 3989 758 4036 ere,
782 3976 927 4040 improved,
944 3977 1017 4028 there
1033 3979 1109 4030 mede
1129 3980 1248 4044 partially
1265 3957 1400 4042 phonetics

291 4054 342 4102 end
359 4056 514 4126 reimported
530 4059 558 4106 in
574 4059 608 4108 its
626 4058 724 4108 altered
742 4059 819 4124 sbspe
837 4068 864 4112 at
881 4060 925 4110 tbe
942 4063 1022 4128 epoch
1038 4065 1208 4116 mentioned*¹
1245 4062 1326 4113 Porro
1344 4064 1391 4112 ali·

291 4146 353 4202 quot
371 4141 456 4188 attulit
473 4141 605 4204 exempla,
627 4142 717 4206 quibus
741 4144 960 4198 demonstraretur
982 4150 1114 4212 quomodo
1135 4151 1209 4200 cunei
1224 4147 1357 4211 paullatim
1375 4165 1392 4198 s

290 4223 423 4272 notionum
446 4225 590 4286 significatu
612 4225 646 4276 ad
669 4221 781 4290 syllabas
804 4235 830 4277 et
851 4231 940 4282 literas
963 4235 1139 4286 transformati
1167 4241 1260 4284 essent.
1284 4259 1316 4270 -
1345 4235 1390 4284 cfr.
1440 4226 1447 4235 ’

290 4304 449 4379 (innuamus.
468 4308 510 4357 die
528 4309 805 4369 Tribntverzeicbnisse
823 4321 855 4364 ct.
874 4331 897 4380 p.
914 4319 953 4366 14.
