3126 5000
286 271 331 340 14
726 272 799 332 Cnr.
814 273 844 344 1,
867 276 948 329 2-6.

283 468 401 537 pretam
419 459 476 517 hoo
499 459 531 515 in
549 475 656 534 genere
673 456 837 516 sententiae
854 455 1048 532 reperiuntur.
1085 454 1113 531 1)
1132 452 1236 511 Primo
1252 451 1319 510 loeo
1337 471 1390 512 eos

284 539 486 637 appellemus,
505 560 557 636 qui
574 557 695 634 proprie
712 557 791 615 dicta
808 555 952 616 eiusmodi
970 563 998 613 et
1015 554 1189 613 adverbum
1206 554 1307 612 omnia
1323 571 1390 612 eve-

284 662 348 718 nire
365 659 544 718 existiment.
580 657 665 732 Quae
682 657 827 717 sententia
852 665 882 716 et
903 656 1037 715 veritatis
1054 655 1136 713 verbi
1159 653 1252 712 divini
1275 663 1390 714 susten·

283 760 393 819 tandae
409 761 524 833 studio,
542 772 572 818 et
588 759 688 817 indole
704 758 743 817 V.
756 757 805 816 Ti.
823 765 853 815 et
870 757 986 815 ratione
1002 755 1141 815 universa
1157 755 1389 814 commendatur.

283 863 342 921 Est
362 861 441 919 enim
461 861 493 918 in
514 859 651 918 omnihus
668 866 770 917 vatum
792 876 945 917 sacrorum
970 855 1098 916 oraculIs
1119 856 1147 915 is
1164 857 1251 933 quasi
1276 856 1389 914 medius

282 962 335 1020 ille
356 961 456 1034 locus,
485 979 545 1038 quo
570 960 670 1018 omnia
691 957 848 1035 rapiuntur
875 965 906 1016 et
927 965 1087 1034 coguntur,
1109 965 1143 1014 ut
1165 957 1339 1016 absolvatur
1361 970 1391 1014 et

284 1061 449 1122 cumuletur
470 1079 594 1138 regnum
615 1059 761 1131 divinum3
793 1059 825 1118 id
853 1058 934 1137 quod
958 1058 1022 1116 fieri
1052 1075 1113 1116 non
1135 1065 1236 1133 potest
1256 1057 1315 1118 nisi
1337 1076 1390 1116 ex·

283 1163 393 1222 stincto
417 1171 506 1220 antea
527 1169 666 1237 peccato,
696 1169 727 1218 et
747 1167 908 1235 praeeunte
930 1157 1049 1216 iudicio.
1094 1157 1268 1216 offeruntur
1291 1165 1389 1216 autern

285 1263 498 1340 prophetarum
521 1262 615 1320 oculis
632 1262 698 1320 visa
720 1260 837 1318 ratione
860 1279 913 1332 ea,
937 1277 1026 1336 quam
1047 1267 1112 1317 tum
1133 1259 1389 1334 complexo-apo·

284 1363 497 1422 telesmaticam
515 1363 615 1420 dicunt
625 1359 693 1436 (cfr.
703 1359 760 1420 011.
771 1362 810 1419 A.
819 1359 928 1420 Ouusu
939 1359 1082 1436 hypomn.
1095 1358 1185 1435 §1643
1202 1357 1389 1417 Dsurzscn.

285 1463 409 1522 Habak.
427 1483 457 1539 p.
472 1467 520 1521 139
534 1465 605 1540 se),
628 1471 690 1520 tum
713 1460 932 1537 perspectivam
947 1459 1015 1536 (eir.
1033 1458 1190 1517 Hanesun.
1208 1458 1349 1518 Christol.
1363 1459 1387 1531 Ι,

287 1571 318 1638 1,
341 1567 392 1622 305
406 1581 464 1634 ss,
492 1563 657 1622 Hnrevnnu.
680 1561 760 1620 Einl.
774 1562 819 1634 II,
842 1565 875 1634 2,
898 1561 1010 1638 thes).
1045 1559 1115 1634 Qua
1137 1561 1189 1633 fit,
1219 1568 1251 1618 ut
1272 1559 1390 1636 singula

284 1665 395 1724 iudicia
417 1664 453 1722 de
475 1662 601 1740 singulis
625 1663 770 1720 sumenda
789 1660 926 1738 gentibus
948 1679 1121 1737 expressam
1138 1659 1264 1718 extremi
1286 1667 1320 1718 et
1337 1661 1389 1719 ab·

285 1765 377 1825 soluti
398 1764 499 1822 iudicii
520 1764 650 1822 referant
670 1762 837 1839 imaginem.
855 1795 892 1806 -
927 1761 1064 1836 Quaeso
1089 1761 1185 1838 magIs
1210 1761 1241 1818 in
1258 1758 1389 1819 Nahumi

285 1865 458 1925 vaticinium
471 1865 581 1922 eadunt
596 1863 706 1935 omnIa,
720 1863 802 1940 quod
812 1863 885 1920 nihil
897 1870 1050 1938 praeterea
1062 1861 1166 1935 habet,
1185 1879 1245 1938 qno
1258 1861 1389 1920 omnium

286 1986 385 2025 rerum
407 1965 489 2037 finis,
519 1982 636 2039 semper
658 1964 833 2022 obversatus
859 1963 910 2020 ille
933 1969 1033 2020 vatum
1062 1962 1184 2034 animis,
1207 1962 1388 2038 indigitetur.

286 2068 334 2125 Ae
351 2066 376 2125 si
393 2065 560 2142 quaeritur,
585 2064 735 2140 quomodo
752 2083 803 2136 ea,
821 2081 898 2140 quae
915 2071 1052 2120 naturam
1068 2081 1166 2121 rerum
1182 2063 1247 2138 pati
1266 2061 1391 2139 legimus

285 2187 315 2226 v.
328 2169 413 2237 3-6,
432 2181 504 2222 vera
519 2164 635 2222 literate
651 2182 717 2223 esse
733 2164 863 2239 possint,
880 2163 1029 2221 reiieimur
1046 2163 1174 2240 primum
1190 2164 1229 2221 ad
1246 2170 1390 2222 secretam

286 2267 369 2326 illam
390 2264 649 2336 necessitudinem,
681 2283 760 2339 quae
786 2263 864 2323 inter
885 2282 979 2341 genus
1001 2265 1160 2322 humanum
1185 2264 1340 2322 intercedit
1363 2272 1392 2322 et

287 2376 424 2426 naturam
440 2363 508 2441 (cfr.
527 2362 605 2424 Gen.
618 2363 680 2438 III,
706 2369 754 2437 173
776 2365 864 2424 Rom.
878 2364 969 2437 VIII,
989 2369 1020 2421 19
1034 2365 1104 2441 ss),
1129 2373 1159 2424 et
1181 2383 1270 2442 quam
1296 2373 1392 2423 terrae

286 2467 415 2526 maxime
438 2485 540 2526 sacrae
562 2473 715 2541 aspectus,
739 2465 940 2524 Israelitarum
963 2464 1160 2525 conditionem
1184 2483 1301 2541 semper
1315 2466 1391 2523 refe-

286 2587 371 2641 rens,
395 2567 504 2643 probat
525 2565 689 2643 hodieque;
714 2574 776 2624 tum
793 2585 864 2624 vero
891 2573 1023 2624 extremo
1045 2565 1154 2624 iudicio
1177 2566 1278 2624 omnIa
1300 2583 1335 2624 ea
1351 2566 1390 2624 ad

286 2669 408 2728 verbum
420 2667 584 2725 coniectum
595 2665 631 2723 iri
643 2674 815 2725 asseverant
820 2665 888 2742 (cfr.
895 2665 1059 2724 Hsnuson.
1066 2665 1088 2724 J
1089 2684 1156 2725 esus
1168 2665 1219 2724 der
1226 2665 1328 2725 ChrIst
1335 2673 1389 2724 etc.

287 2788 317 2844 p.
339 2771 387 2826 186
407 2785 462 2838 ss.;
493 2765 681 2823 Duumzscu.
706 2763 786 2824 Hab.
809 2785 839 2841 p.
856 2771 905 2823 140
922 2761 987 2845 ss).
1013 2799 1050 2808 —
1083 2765 1194 2824 Verum
1218 2767 1295 2825 enim
1318 2785 1390 2824 vero

288 2885 359 2926 num
381 2886 432 2938 ea,
455 2865 563 2943 quibus
585 2871 748 2923 extremum
770 2865 908 2925 iudicium
933 2866 963 2923 in
985 2866 1017 2923 ll.
1035 2884 1081 2926 ss·
1099 2865 1279 2942 descriptum
1301 2885 1390 2942 saepe

287 2968 427 3043 legimus,
451 2975 592 3024 eventura
613 2963 728 3024 literate
749 2965 824 3040 siut,
847 2985 902 3026 nec
923 2965 1112 3042 exploratum
1134 2967 1231 3028 adhuc
1253 2976 1312 3040 cst,
1336 2985 1391 3025 neo

289 3069 364 3126 scire
386 3066 506 3124 omnino
528 3083 703 3141 possumus,
726 3085 792 3124 cum
815 3067 883 3144 ipsa
900 3065 1012 3127 Christi
1028 3067 1091 3126 vita
1117 3067 1179 3126 alia
1194 3067 1335 3128 vaticinia
1351 3067 1391 3126 ad

288 3168 426 3240 verbnm,
450 3166 510 3226 alia
525 3185 580 3242 per
595 3165 754 3244 imaginem
771 3166 919 3243 completa
934 3169 1106 3244 appareant.
1140 3167 1220 3226 Huic
1236 3187 1307 3246 ergo
1325 3185 1390 3227 sen-

289 3269 399 3327 tenties
422 3285 545 3344 prorsus
569 3267 712 3326 assentire
733 3268 898 3346 nequimus.
946 3269 978 3346 2)
1000 3267 1062 3326 Alii
1090 3268 1244 3345 proprium
1271 3287 1390 3329 sensum

288 3368 391 3446 aliqua
408 3388 445 3425 ex
462 3376 547 3444 perte
569 3366 709 3440 retinent,
733 3385 800 3426 curn
823 3369 985 3428 subiectum
1002 3367 1072 3427 huit
1093 3368 1216 3445 imagini
1237 3375 1390 3444 aspectum

288 3468 388 3526 dicant
403 3467 452 3526 vel
469 3467 654 3542 tempestatis
670 3485 735 3526 oum
745 3469 865 3526 tonitru
882 3475 912 3526 et
928 3467 1044 3545 fulgure
1060 3467 1196 3547 (Hm),
1219 3468 1268 3526 vel
1284 3475 1389 3528 ventus

289 3569 420 3628 aestuosi
437 3586 502 3626 cnm
525 3575 623 3625 terrae
639 3575 721 3626 motu
738 3567 911 3646 (Eurum),
936 3569 984 3626 vel
1001 3587 1102 3627 earnm
1118 3569 1239 3627 omnino
1256 3587 1388 3640 casuum,

289 3687 365 3746 quos
381 3669 535 3745 regionum
551 3677 659 3727 natura
675 3669 837 3744 quotannis
852 3666 1155 3748 affemt(Gnuv1us);
1172 3689 1250 3747 qnae
1261 3669 1388 3746 speeiem

288 3785 391 3827 eorum
412 3776 443 3827 et
463 3767 592 3826 indolem
615 3766 770 3826 videantur
792 3768 949 3843 excedere,
978 3787 1014 3828 ea
1037 3769 1077 3828 ad
1097 3770 1323 3847 hyperbolicum
1344 3768 1389 3827 di·

289 3867 374 3927 cendi
391 3884 483 3945 genus
509 3867 662 3926 referenda
679 3887 759 3942 esse,
784 3868 866 3946 qnod
881 3877 988 3945 poetae
1011 3888 1077 3928 eum
1093 3870 1213 3929 uatibus
1235 3887 1389 3930 commune

289 3968 427 4027 habeant.
451 3999 488 4010 -
522 3965 582 4040 Qui
607 3967 650 4026 sio
672 3977 820 4042 statuunt,
842 3969 912 4028 licet
929 3978 1010 4029 recte
1027 3969 1122 4028 multa
1145 3970 1296 4047 disputare
1319 3987 1388 4028 con·

289 4069 441 4143 cedamus,
459 4075 558 4126 tamen
574 4075 735 4128 extenuare
751 4087 931 4147 mangopere
949 4069 1032 4129 verbi
1053 4070 1147 4130 divini
1164 4069 1389 4148 amplitudinem

289 4169 440 4244 videntur,
464 4167 576 4246 quippe
593 4168 673 4246 quod
695 4169 726 4228 in
743 4171 801 4228 hoc
816 4188 936 4248 qnoque
957 4189 1078 4246 genere,
1102 4177 1135 4228 ut
1156 4171 1308 4247 praeclare
1324 4171 1389 4228 Au-

288 4283 436 4328 ousrruns
453 4270 510 4342 ait,
530 4269 675 4341 „haustus
686 4271 794 4330 habeat
810 4269 937 4347 primos,
956 4271 1064 4330 habeat
1081 4271 1258 4332 secundos.“
1284 4270 1315 4347 3)
1329 4269 1389 4328 De-
