3124 4988
248 349 299 392 aru
608 327 852 415 Pnonsnpusuu.
876 325 948 384 Cur.
968 327 1006 382 II.

255 514 408 587 utriusque
424 509 554 566 maxime
570 509 708 584 deinceps
723 509 881 582 intererat,
900 517 933 566 ut
950 507 1152 566 Palaestinam
1171 508 1217 566 vel
1235 508 1359 566 foedere

256 613 312 673 sibi
335 610 507 669 adstrictam
534 611 581 667 vel
609 609 770 668 subiectam
794 610 916 668 haberet
939 607 1073 684 imperio.
1109 607 1250 680 Accedit,
1277 610 1358 686 quod

255 722 381 788 utraque
414 728 485 786 gens
519 707 649 768 universi
683 709 902 784 quodammodo
937 708 1052 785 generis
1092 707 1213 766 humani
1257 708 1287 766 in
1326 727 1358 768 se

256 813 378 890 gerebat
394 809 567 886 imaginem,
586 807 717 867 Semitici
742 809 856 884 generis
882 818 912 867 et
931 807 1099 884 Iaphetitici
1123 809 1211 866 simul
1237 817 1266 866 et
1294 808 1358 866 Ha-

255 911 365 982 mitici,
390 908 533 984 Aegyptii
563 917 660 966 autem
697 908 736 965 ad
769 908 949 967 Hamiticam
983 907 1170 984 potissimum
1203 908 1358 979 familiam,

257 1009 378 1087 Assyrii
406 1009 445 1066 ad
478 1006 647 1067 Semiticam
681 1008 868 1084 pertinebant
877 1008 895 1066 ¹.
951 1009 993 1066 Et
1033 1025 1100 1066 cum
1139 1005 1358 1085 Aegyptiarum

259 1129 383 1188 regnum
400 1109 528 1184 primum
545 1117 638 1180 esset,
657 1108 739 1166 cuius
757 1108 887 1184 expositi
905 1108 1029 1166 arbitrio
1045 1108 1200 1166 Israelitae
1217 1107 1359 1166 secularis

259 1211 378 1269 omnino
401 1207 559 1284 potestatis
582 1207 810 1283 experiebantur
831 1216 984 1280 naturam,
1007 1207 1131 1265 alterum
1153 1215 1252 1266 autem
1268 1208 1359 1284 idque

259 1308 468 1388 gravissimum
485 1309 659 1384 Assyrium,
683 1307 824 1384 quoniam
849 1308 1032 1384 sequentium
1054 1307 1116 1365 fere
1133 1308 1263 1365 omnium
1280 1307 1359 1366 radi-

260 1429 308 1470 ces
326 1408 592 1484 comprehendebat
609 1417 638 1466 et
655 1407 799 1484 origines:
823 1408 897 1466 satis
914 1407 1014 1482 ampla
1035 1408 1100 1464 luce
1116 1408 1250 1466 ridemus
1268 1407 1359 1464 collu-

261 1510 366 1580 suari,
391 1507 471 1585 quod
494 1509 658 1585 prophetae
681 1508 835 1584 utriusque
856 1507 986 1585 imagine
1001 1507 1081 1565 haud
1097 1527 1166 1566 raro
1184 1515 1305 1566 utuntur
1322 1508 1361 1565 ad

260 1608 483 1685 exprimendam
508 1608 610 1666 mundi
634 1607 761 1683 speciem
778 1608 845 1666 Deo
863 1607 951 1667 simul
973 1615 1003 1666 et
1025 1606 1138 1666 civitati
1156 1608 1217 1668 eius
1234 1607 1360 1678 inimici3

261 1727 363 1768 eornm
380 1707 572 1767 irritamentis
589 1727 674 1768 sacra
692 1725 764 1784 gens
783 1706 952 1767 seducitur²
968 1708 1110 1784 primum,
1134 1707 1203 1766 dein
1227 1707 1361 1784 potentia

261 1816 290 1867 et
306 1809 377 1884 ingo
395 1815 541 1866 vexantur
557 1817 647 1886 atque
660 1807 902 1884 opprimuntur³3
919 1827 1027 1884 porro,
1044 1807 1095 1866 ubi
1108 1809 1164 1867 hac
1176 1827 1273 1884 poena
1288 1807 1361 1866 satis

261 1916 408 1984 apparent
423 1907 571 1984 castigati,
589 1910 627 1968 ab
645 1909 768 1967 arbitrio
787 1913 888 1967 eorum
905 1907 1121 1980 redimuntur⁴;
1139 1917 1290 1984 postremo
1302 1909 1362 1984 ipsi

261 2009 362 2067 hostes
380 2007 423 2063 illi
442 2025 500 2064 una
517 2027 583 2065 cum
596 2007 633 2066 iis
646 2008 685 2066 ad
698 2026 798 2066 veram
810 2007 932 2066 Domini
945 2007 1117 2084 religionem
1128 2016 1335 2067 convertentur
1342 2006 1361 2066 ⁵.

262 2141 298 2150 -
316 2108 360 2164 At
376 2124 447 2163 vero
465 2107 539 2166 satis
556 2107 645 2166 etiam
662 2107 814 2185 utriusque
831 2108 935 2183 populi
952 2108 1028 2166 ratio
1047 2116 1092 2168 est
1109 2109 1237 2167 diversa.
1269 2106 1362 2167 Sicuti

263 2205 341 2265 enim
357 2206 447 2282 longe
464 2205 589 2266 diversis
606 2207 789 2283 temporibus
807 2207 894 2267 alteri
907 2209 986 2284 genti
1000 2208 1152 2267 Israelitae
1165 2208 1283 2266 fueraut
1294 2209 1362 2267 sub·
1420 2211 1427 2228 ⁸

262 2306 353 2390 iecti,
364 2305 408 2364 ita
424 2307 463 2364 ab
477 2307 635 2383 Aegyptiis
652 2307 806 2368 illecebras
823 2307 1010 2385 potissimum
1026 2316 1056 2366 et
1070 2308 1254 2366 irritamenta
1266 2327 1363 2365 rerum

262 2409 459 2464 humanarum
475 2405 613 2482 deinceps
631 2408 875 2484 experiebantur,
894 2426 960 2465 cum
977 2427 1031 2484 per
1046 2409 1190 2484 Assyrios
1209 2408 1364 2466 edoceren-

264 2513 322 2579 tur,
335 2524 410 2578 enm,
425 2505 476 2583 qui
488 2507 618 2582 peccatis
632 2507 722 2567 seculi
734 2508 909 2585 indulgeret,
927 2507 1022 2583 ipsius
1036 2508 1125 2566 seculi
1137 2516 1285 2584 potestate
1298 2527 1365 2584 per-

264 2606 331 2665 celli
348 2614 437 2682 atque
454 2607 604 2666 contundi.
629 2605 679 2667 Sic
696 2627 716 2666 a
730 2607 834 2682 primis
852 2607 956 2682 populi
969 2607 1060 2666 initiis
1073 2606 1112 2666 ad
1126 2616 1259 2666 extrema
1272 2627 1367 2684 usque

262 2704 542 2782 Hierosolymorum
558 2707 621 2765 fata
638 2705 855 2784 Aegyptiorum
873 2725 989 2782 semper
1005 2706 1151 2766 illecebris
1168 2716 1198 2766 et
1214 2715 1365 2782 corrupte·

263 2805 302 2864 lis
319 2805 445 2863 obnoxii
462 2814 558 2864 erant:
583 2807 614 2862 in
631 2807 773 2881 Aegypto
798 2806 845 2864 vel
863 2807 1052 2866 Abrahamus
1077 2807 1116 2865 ad
1140 2817 1263 2883 peccata
1280 2807 1367 2868 sedu-

264 2996 363 3045 nastiae
381 2999 466 3044 aetate
483 3001 537 3043 tam
554 2994 726 3044 consimilibus
743 3009 831 3058 regum
848 2997 994 3047 nominibus
1013 3010 1089 3059 quam
1108 2999 1200 3047 artium
1217 2996 1304 3046 indole
1323 2998 1366 3046 all.

265 3077 463 3142 deprehenditur
485 3078 511 3126 in
534 3079 664 3140 utriusqus
681 3081 769 3144 populi
787 3083 966 3130 monumentis.
988 3082 1033 3132 eir.
1051 3083 1136 3133 ersu
1147 3079 1303 3145 chronolog.
1321 3081 1368 3130 der

264 3163 333 3224 Aeg.
350 3176 376 3225 p.
388 3161 447 3210 223.
470 3161 533 3211 Ltr.
550 3161 664 3212 N'miveh
680 3180 704 3228 p.
715 3165 765 3214 297
772 3166 870 3215 -302,
888 3165 946 3215 304.
965 3165 1023 3215 394.

224 3263 226 3268 ·
317 3244 343 3305 1)
359 3245 483 3311 Aegyptii
499 3247 528 3295 in
544 3246 633 3296 tabula
650 3247 812 3312 ethnologica
835 3247 901 3300 Gen.
919 3251 946 3300 X
968 3249 1001 3298 ab
1018 3249 1149 3299 Hamitice
1171 3247 1271 3298 familia
1295 3261 1367 3310 repe-

265 3336 365 3393 tuntur3
382 3331 460 3378 trium
478 3335 564 3379 autem
580 3337 729 3382 naturarum
747 3334 821 3398 signa
839 3334 900 3382 satis
917 3333 1046 3382 luculenta
1062 3333 1090 3382 iu
1107 3333 1200 3382 crariis
1221 3338 1248 3380 et
1264 3331 1367 3394 physio-

265 3413 349 3476 logico
367 3415 471 3463 omnino
489 3428 578 3464 eornm
595 3415 684 3465 habitu
701 3418 897 3480 conspiciuntur,
914 3415 958 3465 cir.
975 3415 1367 3478 MourouOrsniaAegyptiaca,

265 3495 444 3559 Philadelpbia
454 3498 530 3558 1844,
546 3512 571 3561 p.
582 3497 623 3548 65.
633 3500 674 3550 66.
696 3499 799 3549 Prusia
816 3500 859 3549 die
877 3496 1069 3549 Ueberhleibsel
1086 3497 1133 3546 der
1149 3497 1367 3560 altaegyptischen

264 3579 335 3644 Rape
351 3595 376 3644 p.
389 3580 429 3628 14.
450 3581 495 3644 173
511 3582 539 3630 in
556 3582 722 3645 Assyriorum
740 3589 825 3632 autem
843 3589 936 3632 nature
952 3579 1074 3632 Semitico
1092 3581 1180 3643 generi
1195 3580 1367 3632 Cnschiticum

266 3663 362 3724 aliquid
379 3667 456 3722 atque
473 3665 600 3714 Ariauum
618 3667 694 3715 simul
711 3667 871 3714 commistum
888 3665 981 3726 fnisse,
1006 3665 1088 3726 magis
1106 3662 1189 3714 indies
1207 3667 1366 3730 perspicitur.

266 3745 311 3795 cti.
328 3761 353 3810 p.
365 3745 480 3796 XXXV.
498 3746 561 3796 XLI
578 3748 621 3796 all.

317 3827 343 3888 2)
361 3826 415 3878 Cir.
432 3829 496 3878 Hos.
513 3829 583 3892 XII,
599 3833 614 3880 2
633 3832 675 3880 all.

316 3910 343 3973 3)
361 3910 413 3961 Gir.
431 3911 481 3960 Ies.
500 3912 565 3975 VII,
584 3915 625 3964 18.
643 3915 709 3976 LII,
726 3916 752 3964 4.

317 3993 345 4056 4)
362 3993 416 4045 Ch.
433 3995 522 4045 Hoeea
539 3997 605 4058 VII,
624 3997 665 4046 11.
687 3997 741 4058 XI,
759 3997 784 4047 5.
804 3999 844 4046 11.

316 4078 343 4142 5)
360 4062 414 4129 Cir.
432 4076 507 4129 Such.
525 4079 565 4140 X,
585 4081 624 4128 10.
646 4079 763 4129 Indidem
782 4079 947 4145 repetendum
965 4089 1017 4145 est,
1036 4083 1110 4147 qnod
1127 4083 1197 4136 haud
1214 4099 1272 4136 raro
1291 4085 1367 4134 ambo

265 4161 335 4211 inter
351 4177 379 4212 se
396 4164 597 4226 contenduntur,
619 4169 695 4227 etque
718 4165 822 4214 alterins
844 4165 899 4215 ista
924 4173 999 4232 atque
1022 4168 1128 4218 exitium
1153 4171 1227 4220 slteri
1245 4175 1367 4232 tanquam

265 4248 411 4311 exemplum
433 4254 621 4312 proponuntur3
650 4249 694 4299 cfr.
718 4247 832 4299 Nahnmi
858 4252 1004 4318 pericopam
1027 4251 1059 4301 de
1082 4252 1230 4304 Thebarum
1259 4251 1367 4312 excidio

265 4331 320 4392 111,
339 4334 354 4382 8
374 4347 422 4396 ss,
439 4333 531 4384 Erech.
549 4333 651 4383 XXXI.
670 4333 792 4396 XXXII,
810 4336 843 4386 22
861 4349 894 4384 ss.
