3122 5002
623 244 694 303 Car.
712 244 760 315 II,
788 263 814 301 v.
836 248 876 301 10.
1248 240 1294 307 77

194 426 362 486 deficiunt.“
381 425 521 484 Evadunt
538 433 634 483 autern
652 443 747 501 aquae
768 424 836 481 illae
854 424 916 481 sive
934 423 1096 482 incolarum
1115 427 1218 484 turbae
1233 436 1294 486 tam

194 527 288 585 effusa
301 527 381 603 luga,
395 535 429 584 ut
442 524 644 584 revocantium
660 543 748 584 voces
763 524 875 582 frustra
888 523 1022 582 edantur.
1047 539 1111 584 nou
1126 545 1184 583 non
1197 529 1294 586 standi

193 627 304 699 solum,
332 627 384 685 sed
409 626 565 685 resistendi
587 625 676 684 etiarn
694 643 781 684 sensu
799 623 921 695 dieitur,
947 623 1000 682 cfr.
1026 623 1083 681 Ies.
1103 625 1233 698 XLVII,
1254 633 1293 686 12.

195 730 243 798 133
260 729 329 786 Am.
342 727 390 799 11,
406 730 452 798 153
476 715 669 802 imperativus
687 725 814 800 simplici
831 723 974 799 primum,
994 723 1099 782 deiude
1116 726 1295 801 amplificata

192 827 304 899 forma,
328 827 359 885 in
383 845 479 902 pausa
501 827 563 884 fere
587 826 713 896 usitata,
736 825 859 900 positus.
899 823 1059 900 cogitandi
1092 835 1161 883 sunt
1186 835 1293 898 autem,

193 927 244 1003 qui
261 928 319 985 tale
337 927 409 1003 quid
427 927 639 998 vociferentur,
658 925 747 983 duces
760 924 954 1000 Assyriorum
967 924 1097 1000 (Boram,
1112 924 1229 1002 Urusa.)
1246 928 1293 986 vel

192 1027 243 1103 qui
260 1027 412 1086 honestius
429 1027 558 1084 iudicent
575 1026 747 1084 occumbere
773 1043 861 1102 quam
887 1025 1014 1100 patriam
1039 1024 1220 1084 indefensam
1245 1027 1294 1085 de·

192 1127 313 1186 stitucre
330 1126 472 1203 (Daue.);
497 1127 535 1184 ad
552 1127 660 1185 hostes*
672 1143 773 1184 eorum
791 1125 887 1182 minue
904 1131 974 1199 apte
989 1123 1133 1197 refertur,
1152 1134 1293 1203 tauquam

191 1227 363 1304 diripiendis
381 1227 488 1302 opibus
504 1226 644 1284 intentos.
662 1259 697 1269 —
717 1225 785 1282 Nou
802 1235 843 1282 est
859 1228 908 1299 qai
924 1234 1029 1293 catat,
1048 1225 1191 1284 cervicem
1209 1227 1293 1284 nimi-

191 1347 271 1400 rum,
290 1343 364 1404 aar,
388 1327 440 1385 cfr.
458 1327 515 1384 Ier.
534 1325 683 1399 XLVIII,
700 1330 743 1384 49.

695 1595 723 1633 v.
746 1581 786 1634 10.

242 1727 348 1802 Rapite
374 1734 535 1800 arpennem,
557 1728 649 1799 rapite
674 1725 795 1782 aarum!
824 1743 874 1783 aee
892 1727 960 1801 finis
984 1735 1026 1782 eat
1048 1730 1217 1800 apparatui,
1248 1746 1292 1782 co-

186 1829 240 1900 pie
276 1845 309 1882 eu
345 1825 468 1883 omnim
503 1828 578 1882 cosle
608 1827 747 1900 pretiosis.
797 1825 915 1884 Fractie
948 1825 1152 1897 munimentis,
1187 1825 1292 1884 incolis

190 1925 299 2001 partim
330 1926 464 1984 abductis
495 1925 603 2000 partim
632 1925 704 2002 iuga
734 1925 861 2000 elapsIs,
892 1924 953 1984 iam
983 1924 1162 2000 diripiuntur
1190 1925 1292 2002 ingen-

191 2034 235 2084 tes
260 2043 362 2108 eorum
386 2025 516 2085 divitiae.
547 2025 685 2085 Victores
707 2025 930 2102 interpellantur
961 2026 1076 2098 hostes3
1110 2035 1165 2097 „ut
1190 2026 1292 2084 fideles

191 2125 302 2199 sciant,
325 2128 384 2186 hoo
405 2126 468 2203 regi
485 2125 671 2202 providentia
687 2125 764 2184 deif‘
782 2125 968 2203 (Cnavrnus)
985 2159 1021 2168 —
1043 2141 1106 2201 ao>
1128 2127 1292 2201 euphoniae

192 2243 300 2286 caussa
316 2225 519 2304 praepositum
535 2225 652 2286 videtur
667 2227 758 2284 verbo
780 2242 845 2288 aar.
867 2259 903 2269 -
921 2227 1070 2284 Adiuneta
1082 2226 1190 2300 copula
1231 2241 1290 2306 pega

191 2325 410 2386 incommodam
425 2326 523 2384 reddit
534 2325 673 2384 Hrrzreu
690 2326 882 2398 sententiam,
900 2324 1066 2384 continuari
1084 2325 1172 2382 etiam
1189 2303 1290 2400 appel:

192 2426 333 2484 lationem
349 2425 478 2486 hostium
496 2425 707 2495 existimantis3
726 2425 786 2481 imo
805 2425 916 2483 reditur
933 2424 971 2483 ad
985 2423 1208 2483 describendam
1222 2443 1290 2500 spo-

191 2525 352 2584 liationem.
374 2539 441 2601 nrp
462 2526 558 2583 rarior
575 2524 658 2584 verbi
674 2524 771 2582 forma
788 2543 842 2584 nec
858 2523 916 2583 nisi
933 2523 965 2582 in
981 2525 1038 2582 hoc
1055 2523 1168 2582 dicendi
1186 2543 1291 2600 genere

193 2626 283 2684 obvie
298 2645 354 2702 pro
372 2639 413 2700 γΓ.
423 2647 432 2697 ;
451 2625 504 2684 cir.
521 2633 675 2702 praeterea
691 2623 839 2697 111,3.a;
857 2625 914 2684 Ies.
932 2624 978 2696 Il,
995 2629 1012 2680 7
1021 2667 1029 2697 ,
1048 2632 1078 2682 et
1095 2632 1222 2700 cognata
1239 2625 1291 2685 illa

193 2739 274 2786 naeu
296 2739 353 2802 pas
396 2733 426 2784 et
466 2721 557 2800 apua
579 2737 652 2799 trun.
683 2739 778 2789 usian
795 2733 913 2801 praeter
923 2719 1002 2782 hunc
1014 2724 1111 2782 locum
1123 2726 1207 2784 unice
1219 2725 1291 2800 legi·

192 2833 240 2883 tur
255 2825 321 2884 Iob.
338 2825 463 2898 XXIII,
481 2827 514 2896 3,
538 2825 589 2883 ubi
606 2834 708 2901 aperte
724 2836 809 2885 notat
826 2826 932 2886 solium
949 2825 1011 2897 dei,
1040 2825 1092 2884 cfr.
1131 2840 1200 2900 pao
1232 2825 1290 2886 les.

191 2924 314 2998 XVIII,
332 2932 364 2998 43
387 2927 464 2986 Dan.
483 2925 572 2997 VIII,
592 2931 638 2997 113
661 2928 719 2985 iam
739 2927 765 2986 si
782 2927 863 3002 apud
878 2925 1004 3002 parandi
1023 2925 1172 2984 notionem
1190 2948 1217 2984 v.
1248 2925 1290 3002 352

191 3044 375 3086 remanemus
397 3027 486 3103 idque
507 3026 697 3085 recordemur
720 3027 756 3084 dc
779 3028 870 3087 textis
898 3026 1043 3102 pictisque
1072 3027 1203 3086 vestibus
1233 3028 1289 3085 dici

191 3125 255 3182 Iob.
273 3125 410 3198 XXVII,
430 3132 475 3183 16:
494 3145 532 3182 ex
549 3125 692 3184 eiusmodi
709 3127 886 3185 formatione
903 3127 933 3182 in
950 3145 997 3182 vv.
1016 3125 1062 3188 'w
1087 3127 1160 3185 satis
1179 3127 1290 3186 usitata
1362 3177 1369 3184 .

190 3225 258 3300 (cir.
276 3227 342 3283 Ew.
361 3226 386 3302 ξ.
403 3227 465 3302 161)
482 3225 567 3282 facile
590 3224 775 3300 pervenimus
798 3226 835 3284 ad
863 3225 1014 3283 notionem
1037 3233 1200 3301 apparatus
1222 3246 1289 3301 pre-

192 3325 276 3397 tiosi,
296 3327 341 3383 cui
359 3324 582 3402 patrocinantur
594 3324 698 3396 LXX,
718 3313 843 3400 κόσμον
862 3324 1059 3396 exhibentem
1078 3325 1223 3384 Horreum.
1238 3327 1288 3386 all.

192 3425 304 3484 Contra
312 3425 429 3485 Graan.
444 3425 527 3496 thes,
545 3425 605 3482 lex.
618 3443 696 3482 man.
710 3424 903 3484 recedendum
917 3425 1003 3482 docet
1016 3423 1055 3482 ad
1067 3445 1095 3483 v.
1110 3439 1161 3500 tan
1175 3427 1287 3484 exami-

191 3545 276 3599 nare,
300 3528 339 3584 ad
356 3545 489 3585 normam
508 3526 641 3602 exigere,
666 3525 844 3600 ponderare,
870 3524 948 3582 uude
973 3541 1067 3611 nmen
1084 3525 1202 3597 modus,
1220 3527 1288 3586 har·

191 3609 291 3685 monia
304 3626 528 3685 defloraretur.
542 3626 649 3684 Ezeoh.
662 3629 758 3700 p.483.
773 3629 838 3697 6973
857 3634 903 3697 at,
920 3625 988 3682 licet
1005 3604 1102 3700 possit
1118 3627 1209 3700 repeti
1228 3647 1288 3686 vox

192 3739 280 3802 aran
298 3727 350 3784 cfr.
369 3726 435 3784 Ew.
454 3727 561 3802 §.153,
579 3746 614 3798 a,
634 3731 665 3799 l,
690 3725 781 3784 tutius
798 3733 896 3784 tamen
914 3743 1051 3801 agemus,
1075 3725 1101 3784 si
1118 3726 1157 3782 ad
1174 3740 1216 3801 pn
1242 3748 1287 3787 re-

191 3827 313 3886 deamus
330 3826 486 3890 secundum
503 3826 582 3886 illius
599 3826 727 3902 exempli
746 3845 837 3902 supra
853 3826 936 3884 citati
952 3825 1135 3902 analogiam,
1155 3845 1288 3902 praeser-

192 3927 244 3986 tim
267 3945 332 3984 cum
355 3925 499 3985 derivatio
516 3946 543 3984 a.
562 3946 590 3984 v.
609 3939 660 4001 ran
684 3945 829 4002 suspensa
850 3926 988 3984 idoneum
1006 3927 1146 4001 praebere
1170 3945 1287 3986 sensum

124 4095 126 4100 ¹
191 4036 332 4105 nequeat3
350 4027 469 4102 languet
487 4025 561 4084 enirn
576 4023 691 4084 Gnorn
708 4025 929 4101 interpretatio:
950 4026 1001 4097 „in
1019 4025 1211 4100 ponderando
1230 4047 1287 4084 non

191 4137 237 4188 est
252 4127 352 4188 finis.“
385 4129 557 4204 Apparatus
580 4132 676 4184 autern
700 4125 824 4201 pretiosi
846 4123 1055 4202 cogitationem
1077 4124 1137 4182 late
1153 4134 1254 4199 patere
1272 4148 1288 4184 e

191 4249 240 4288 vv.
257 4228 408 4305 parallelis
426 4243 510 4288 niun
533 4221 583 4290 a:
601 4235 739 4302 apparet3
758 4225 893 4328 puemvis
909 4223 1100 4300 intelligimus
1113 4235 1288 4301 apparatum
