<?xml version="1.0" encoding="UTF-8"?>
<!DOCTYPE html PUBLIC "-//W3C//DTD XHTML 1.0 Transitional//EN"
    "http://www.w3.org/TR/xhtml1/DTD/xhtml1-transitional.dtd">
<html xmlns="http://www.w3.org/1999/xhtml" xml:lang="en" lang="en">
 <head>
  <title>
</title>
<meta http-equiv="Content-Type" content="text/html;charset=utf-8" />
  <meta name='ocr-system' content='tesseract 3.04.00' />
  <meta name='ocr-capabilities' content='ocr_page ocr_carea ocr_par ocr_line ocrx_word'/>
</head>
<body>
  <div class='ocr_page' id='page_1' title='image "./nahumideninovat03stragoog/nahumideninovat03stragoog_0095.png"; bbox 0 0 3126 5000; ppageno 0'>
   <div class='ocr_carea' id='block_1_1' title="bbox 666 319 1316 399">
    <p class='ocr_par' dir='ltr' id='par_1_1' title="bbox 666 319 1316 399">
     <span class='ocr_line' id='line_1_1' title="bbox 666 319 1316 399; baseline -0.014 -14"><span class='ocrx_word' id='word_1_1' title='bbox 666 323 738 385; x_wconf 77' lang='lat' dir='ltr'>Cur.</span> <span class='ocrx_word' id='word_1_2' title='bbox 751 324 781 399; x_wconf 90' lang='lat' dir='ltr'>I,</span> <span class='ocrx_word' id='word_1_3' title='bbox 800 343 828 383; x_wconf 84' lang='lat' dir='ltr'>v.</span> <span class='ocrx_word' id='word_1_4' title='bbox 845 327 868 382; x_wconf 88' lang='lat' dir='ltr'>l.</span> <span class='ocrx_word' id='word_1_5' title='bbox 1295 319 1316 386; x_wconf 83' lang='lat'>5</span> 
     </span>
    </p>
   </div>
   <div class='ocr_carea' id='block_1_2' title="bbox 203 506 1362 4408">
    <p class='ocr_par' dir='ltr' id='par_1_2' title="bbox 203 506 1362 4303">
     <span class='ocr_line' id='line_1_2' title="bbox 212 506 1316 587; baseline 0 -19"><span class='ocrx_word' id='word_1_6' title='bbox 212 511 350 584; x_wconf 82' lang='lat' dir='ltr'>Israelis,</span> <span class='ocrx_word' id='word_1_7' title='bbox 368 509 584 586; x_wconf 87' lang='lat' dir='ltr'>perduellione,</span> <span class='ocrx_word' id='word_1_8' title='bbox 604 510 676 587; x_wconf 89' lang='lat' dir='ltr'>quid</span> <span class='ocrx_word' id='word_1_9' title='bbox 693 508 845 582; x_wconf 75' lang='lat' dir='ltr'><strong>acerbius,</strong></span> <span class='ocrx_word' id='word_1_10' title='bbox 864 525 954 585; x_wconf 86' lang='lat' dir='ltr'>quam</span> <span class='ocrx_word' id='word_1_11' title='bbox 970 506 1054 582; x_wconf 85' lang='lat' dir='ltr'>ipsos</span> <span class='ocrx_word' id='word_1_12' title='bbox 1071 506 1161 566; x_wconf 87' lang='lat' dir='ltr'>etiam</span> <span class='ocrx_word' id='word_1_13' title='bbox 1178 507 1316 580; x_wconf 84' lang='lat' dir='ltr'>Iudaeos,</span> 
     </span>
     <span class='ocr_line' id='line_1_3' title="bbox 212 609 1317 688; baseline -0.001 -19"><span class='ocrx_word' id='word_1_14' title='bbox 212 611 355 670; x_wconf 84' lang='lat' dir='ltr'>scelerato</span> <span class='ocrx_word' id='word_1_15' title='bbox 373 630 439 669; x_wconf 87' lang='lat' dir='ltr'>cum</span> <span class='ocrx_word' id='word_1_16' title='bbox 456 609 592 686; x_wconf 81' lang='lat' dir='ltr'><strong>profanis</strong></span> <span class='ocrx_word' id='word_1_17' title='bbox 604 612 740 688; x_wconf 83' lang='lat' dir='ltr'>gentibus</span> <span class='ocrx_word' id='word_1_18' title='bbox 752 609 812 668; x_wconf 90' lang='lat' dir='ltr'>icto</span> <span class='ocrx_word' id='word_1_19' title='bbox 824 609 959 681; x_wconf 84' lang='lat' dir='ltr'>loedere,</span> <span class='ocrx_word' id='word_1_20' title='bbox 978 615 1084 666; x_wconf 85' lang='lat' dir='ltr'>contra</span> <span class='ocrx_word' id='word_1_21' title='bbox 1096 616 1317 668; x_wconf 84' lang='lat' dir='ltr'>sacrosanctum</span> 
     </span>
     <span class='ocr_line' id='line_1_4' title="bbox 211 701 1319 788; baseline -0.001 -19"><span class='ocrx_word' id='word_1_22' title='bbox 211 729 389 788; x_wconf 79' lang='lat' dir='ltr'>consurgere</span> <span class='ocrx_word' id='word_1_23' title='bbox 405 711 527 769; x_wconf 77' lang='lat' dir='ltr'>urbemi</span> <span class='ocrx_word' id='word_1_24' title='bbox 545 701 591 786; x_wconf 58' lang='grc' dir='ltr'>(Ξ</span> <span class='ocrx_word' id='word_1_25' title='bbox 614 725 682 769; x_wconf 62' lang='lat' dir='ltr'>nin*</span> <span class='ocrx_word' id='word_1_26' title='bbox 702 704 851 775; x_wconf 56' lang='lat' dir='ltr'>arins-bv</span> <span class='ocrx_word' id='word_1_27' title='bbox 871 725 921 776; x_wconf 68' lang='lat' dir='ltr'>nri</span> <span class='ocrx_word' id='word_1_28' title='bbox 944 728 972 767; x_wconf 86' lang='lat' dir='ltr'>v.</span> <span class='ocrx_word' id='word_1_29' title='bbox 986 709 1022 785; x_wconf 75' lang='lat'>2)</span> <span class='ocrx_word' id='word_1_30' title='bbox 1046 708 1115 782; x_wconf 79' lang='lat' dir='ltr'>Qua</span> <span class='ocrx_word' id='word_1_31' title='bbox 1131 707 1319 770; x_wconf 89' lang='lat' dir='ltr'>contentione</span> 
     </span>
     <span class='ocr_line' id='line_1_5' title="bbox 211 807 1317 888; baseline 0 -19"><span class='ocrx_word' id='word_1_32' title='bbox 211 810 371 888; x_wconf 89' lang='lat' dir='ltr'>perniciem</span> <span class='ocrx_word' id='word_1_33' title='bbox 395 810 452 870; x_wconf 92' lang='lat' dir='ltr'>sibi</span> <span class='ocrx_word' id='word_1_34' title='bbox 482 818 591 887; x_wconf 83' lang='lat' dir='ltr'>parant</span> <span class='ocrx_word' id='word_1_35' title='bbox 613 808 730 879; x_wconf 84' lang='lat' dir='ltr'>Iudcei3</span> <span class='ocrx_word' id='word_1_36' title='bbox 761 808 953 868; x_wconf 88' lang='lat' dir='ltr'>nihilominus</span> <span class='ocrx_word' id='word_1_37' title='bbox 983 807 1041 867; x_wconf 89' lang='lat' dir='ltr'>Dei</span> <span class='ocrx_word' id='word_1_38' title='bbox 1072 807 1171 886; x_wconf 81' lang='lat' dir='ltr'>gratia</span> <span class='ocrx_word' id='word_1_39' title='bbox 1204 809 1317 870; x_wconf 76' lang='lat' dir='ltr'>reuersi</span> 
     </span>
     <span class='ocr_line' id='line_1_6' title="bbox 211 908 1316 988; baseline 0 -20"><span class='ocrx_word' id='word_1_40' title='bbox 211 911 243 968; x_wconf 91' lang='lat' dir='ltr'>in</span> <span class='ocrx_word' id='word_1_41' title='bbox 266 909 472 985; x_wconf 87' lang='lat' dir='ltr'>sobrietatem,</span> <span class='ocrx_word' id='word_1_42' title='bbox 497 909 647 988; x_wconf 84' lang='lat' dir='ltr'>praesidio</span> <span class='ocrx_word' id='word_1_43' title='bbox 671 909 729 970; x_wconf 85' lang='lat' dir='ltr'>sibi</span> <span class='ocrx_word' id='word_1_44' title='bbox 750 929 815 970; x_wconf 90' lang='lat' dir='ltr'>esse</span> <span class='ocrx_word' id='word_1_45' title='bbox 838 909 1052 986; x_wconf 84' lang='lat' dir='ltr'>Hierosolyma</span> <span class='ocrx_word' id='word_1_46' title='bbox 1075 908 1244 986; x_wconf 83' lang='lat' dir='ltr'>intelligunt</span> <span class='ocrx_word' id='word_1_47' title='bbox 1260 917 1316 982; x_wconf 86' lang='lat' dir='ltr'>ct.;</span> 
     </span>
     <span class='ocr_line' id='line_1_7' title="bbox 212 1009 1316 1090; baseline 0 -20"><span class='ocrx_word' id='word_1_48' title='bbox 212 1021 245 1070; x_wconf 90' lang='lat' dir='ltr'>at</span> <span class='ocrx_word' id='word_1_49' title='bbox 256 1010 411 1070; x_wconf 85' lang='lat' dir='ltr'>victoriam</span> <span class='ocrx_word' id='word_1_50' title='bbox 427 1011 558 1090; x_wconf 87' lang='lat' dir='ltr'>gentium</span> <span class='ocrx_word' id='word_1_51' title='bbox 576 1030 636 1069; x_wconf 91' lang='lat' dir='ltr'>non</span> <span class='ocrx_word' id='word_1_52' title='bbox 652 1018 848 1088; x_wconf 86' lang='lat' dir='ltr'>assequuntur</span> <span class='ocrx_word' id='word_1_53' title='bbox 861 1030 880 1068; x_wconf 89' lang='lat' dir='ltr'>a</span> <span class='ocrx_word' id='word_1_54' title='bbox 892 1009 1041 1084; x_wconf 89' lang='lat' dir='ltr'>Domino,</span> <span class='ocrx_word' id='word_1_55' title='bbox 1059 1009 1118 1070; x_wconf 91' lang='lat' dir='ltr'>nisi</span> <span class='ocrx_word' id='word_1_56' title='bbox 1135 1009 1214 1069; x_wconf 88' lang='lat' dir='ltr'>datis</span> <span class='ocrx_word' id='word_1_57' title='bbox 1226 1017 1316 1070; x_wconf 88' lang='lat' dir='ltr'>antea</span> 
     </span>
     <span class='ocr_line' id='line_1_8' title="bbox 212 1109 1315 1189; baseline 0.003 -20"><span class='ocrx_word' id='word_1_58' title='bbox 212 1111 326 1189; x_wconf 87' lang='lat' dir='ltr'>poenis.</span> <span class='ocrx_word' id='word_1_59' title='bbox 367 1111 444 1171; x_wconf 87' lang='lat' dir='ltr'>Tum</span> <span class='ocrx_word' id='word_1_60' title='bbox 466 1131 537 1172; x_wconf 86' lang='lat' dir='ltr'>vero</span> <span class='ocrx_word' id='word_1_61' title='bbox 560 1111 685 1170; x_wconf 87' lang='lat' dir='ltr'>alterum</span> <span class='ocrx_word' id='word_1_62' title='bbox 707 1110 797 1170; x_wconf 87' lang='lat' dir='ltr'>etiam</span> <span class='ocrx_word' id='word_1_63' title='bbox 820 1110 954 1188; x_wconf 84' lang='lat' dir='ltr'>sequitur</span> <span class='ocrx_word' id='word_1_64' title='bbox 975 1115 1114 1183; x_wconf 86' lang='lat' dir='ltr'>„ouue“‚</span> <span class='ocrx_word' id='word_1_65' title='bbox 1136 1109 1315 1188; x_wconf 78' lang='lat' dir='ltr'>gravissima</span> 
     </span>
     <span class='ocr_line' id='line_1_9' title="bbox 212 1198 1315 1290; baseline 0 -20"><span class='ocrx_word' id='word_1_66' title='bbox 212 1211 248 1271; x_wconf 83' lang='lat' dir='ltr'>de</span> <span class='ocrx_word' id='word_1_67' title='bbox 272 1211 383 1272; x_wconf 83' lang='lat' dir='ltr'>Massia</span> <span class='ocrx_word' id='word_1_68' title='bbox 404 1213 542 1290; x_wconf 84' lang='lat' dir='ltr'>perfosso</span> <span class='ocrx_word' id='word_1_69' title='bbox 565 1198 751 1290; x_wconf 80' lang='lat' dir='ltr'>querimonia</span> <span class='ocrx_word' id='word_1_70' title='bbox 777 1220 807 1272; x_wconf 85' lang='lat' dir='ltr'>et</span> <span class='ocrx_word' id='word_1_71' title='bbox 830 1210 996 1284; x_wconf 81' lang='lat' dir='ltr'>moestitia,</span> <span class='ocrx_word' id='word_1_72' title='bbox 1022 1215 1237 1270; x_wconf 82' lang='lat' dir='ltr'>v.10-14.-</span> <span class='ocrx_word' id='word_1_73' title='bbox 1271 1213 1315 1270; x_wconf 88' lang='lat' dir='ltr'>At</span> 
     </span>
     <span class='ocr_line' id='line_1_10' title="bbox 210 1311 1315 1390; baseline 0 -19"><span class='ocrx_word' id='word_1_74' title='bbox 210 1331 282 1371; x_wconf 88' lang='lat' dir='ltr'>vero</span> <span class='ocrx_word' id='word_1_75' title='bbox 306 1312 333 1372; x_wconf 90' lang='lat' dir='ltr'>si</span> <span class='ocrx_word' id='word_1_76' title='bbox 356 1313 483 1390; x_wconf 90' lang='lat' dir='ltr'>amplior</span> <span class='ocrx_word' id='word_1_77' title='bbox 508 1313 697 1372; x_wconf 86' lang='lat' dir='ltr'>nihilomiuus</span> <span class='ocrx_word' id='word_1_78' title='bbox 720 1312 870 1388; x_wconf 85' lang='lat' dir='ltr'>promissa</span> <span class='ocrx_word' id='word_1_79' title='bbox 895 1311 972 1370; x_wconf 90' lang='lat' dir='ltr'>inter</span> <span class='ocrx_word' id='word_1_80' title='bbox 993 1311 1177 1370; x_wconf 69' lang='lat' dir='ltr'>calamitates</span> <span class='ocrx_word' id='word_1_81' title='bbox 1198 1311 1315 1372; x_wconf 78' lang='lat' dir='ltr'>laetitia</span> 
     </span>
     <span class='ocr_line' id='line_1_11' title="bbox 210 1410 1313 1492; baseline -0.002 -20"><span class='ocrx_word' id='word_1_82' title='bbox 210 1412 360 1487; x_wconf 88' lang='lat' dir='ltr'>videatur,</span> <span class='ocrx_word' id='word_1_83' title='bbox 388 1433 478 1492; x_wconf 89' lang='lat' dir='ltr'>quam</span> <span class='ocrx_word' id='word_1_84' title='bbox 501 1414 582 1491; x_wconf 90' lang='lat' dir='ltr'>quod</span> <span class='ocrx_word' id='word_1_85' title='bbox 606 1413 706 1472; x_wconf 78' lang='lat' dir='ltr'>cuerIs</span> <span class='ocrx_word' id='word_1_86' title='bbox 728 1412 848 1472; x_wconf 88' lang='lat' dir='ltr'>nomine</span> <span class='ocrx_word' id='word_1_87' title='bbox 873 1411 1081 1488; x_wconf 75' lang='lat' dir='ltr'>comprehendi</span> <span class='ocrx_word' id='word_1_88' title='bbox 1104 1410 1203 1488; x_wconf 82' lang='lat' dir='ltr'>possit</span> <span class='ocrx_word' id='word_1_89' title='bbox 1224 1429 1313 1490; x_wconf 78' lang='lat' dir='ltr'>argu-</span> 
     </span>
     <span class='ocr_line' id='line_1_12' title="bbox 210 1513 1312 1591; baseline 0.001 -19"><span class='ocrx_word' id='word_1_90' title='bbox 210 1522 359 1587; x_wconf 89' lang='lat' dir='ltr'>mentum,</span> <span class='ocrx_word' id='word_1_91' title='bbox 378 1516 500 1573; x_wconf 88' lang='lat' dir='ltr'>eaudem</span> <span class='ocrx_word' id='word_1_92' title='bbox 516 1515 658 1574; x_wconf 84' lang='lat' dir='ltr'>hebernus</span> <span class='ocrx_word' id='word_1_93' title='bbox 674 1513 821 1590; x_wconf 84' lang='lat' dir='ltr'>rationem</span> <span class='ocrx_word' id='word_1_94' title='bbox 837 1529 873 1572; x_wconf 86' lang='lat' dir='ltr'>ac</span> <span class='ocrx_word' id='word_1_95' title='bbox 898 1515 929 1591; x_wconf 76' lang='lat'>2)</span> <span class='ocrx_word' id='word_1_96' title='bbox 945 1513 1003 1572; x_wconf 86' lang='lat' dir='ltr'>les.</span> <span class='ocrx_word' id='word_1_97' title='bbox 1016 1513 1110 1586; x_wconf 85' lang='lat' dir='ltr'>XIX,</span> <span class='ocrx_word' id='word_1_98' title='bbox 1134 1531 1195 1591; x_wconf 90' lang='lat' dir='ltr'>quo</span> <span class='ocrx_word' id='word_1_99' title='bbox 1213 1531 1312 1572; x_wconf 84' lang='lat' dir='ltr'>exem-</span> 
     </span>
     <span class='ocr_line' id='line_1_13' title="bbox 210 1612 1314 1691; baseline 0.002 -20"><span class='ocrx_word' id='word_1_100' title='bbox 210 1615 279 1691; x_wconf 89' lang='lat' dir='ltr'>plo,</span> <span class='ocrx_word' id='word_1_101' title='bbox 304 1633 370 1673; x_wconf 89' lang='lat' dir='ltr'>cum</span> <span class='ocrx_word' id='word_1_102' title='bbox 387 1616 527 1691; x_wconf 79' lang='lat' dir='ltr'>Aegypto</span> <span class='ocrx_word' id='word_1_103' title='bbox 545 1633 604 1672; x_wconf 90' lang='lat' dir='ltr'>non</span> <span class='ocrx_word' id='word_1_104' title='bbox 622 1613 719 1672; x_wconf 85' lang='lat' dir='ltr'>urinae</span> <span class='ocrx_word' id='word_1_105' title='bbox 743 1613 856 1687; x_wconf 86' lang='lat' dir='ltr'>solum,</span> <span class='ocrx_word' id='word_1_106' title='bbox 880 1612 932 1672; x_wconf 87' lang='lat' dir='ltr'>sed</span> <span class='ocrx_word' id='word_1_107' title='bbox 955 1612 1055 1672; x_wconf 85' lang='lat' dir='ltr'>felices</span> <span class='ocrx_word' id='word_1_108' title='bbox 1077 1612 1167 1672; x_wconf 83' lang='lat' dir='ltr'>etiam</span> <span class='ocrx_word' id='word_1_109' title='bbox 1191 1621 1314 1673; x_wconf 83' lang='lat' dir='ltr'>aventus</span> 
     </span>
     <span class='ocr_line' id='line_1_14' title="bbox 210 1712 1313 1791; baseline 0.001 -20"><span class='ocrx_word' id='word_1_110' title='bbox 210 1714 432 1791; x_wconf 88' lang='lat' dir='ltr'>praedicantur,</span> <span class='ocrx_word' id='word_1_111' title='bbox 455 1714 684 1773; x_wconf 82' lang='lat' dir='ltr'>Dnmrzscrrrus</span> <span class='ocrx_word' id='word_1_112' title='bbox 705 1712 814 1786; x_wconf 90' lang='lat' dir='ltr'>utitur,</span> <span class='ocrx_word' id='word_1_113' title='bbox 840 1722 874 1772; x_wconf 90' lang='lat' dir='ltr'>ut</span> <span class='ocrx_word' id='word_1_114' title='bbox 895 1713 1125 1787; x_wconf 82' lang='lat' dir='ltr'>demonstraret,</span> <span class='ocrx_word' id='word_1_115' title='bbox 1151 1731 1211 1772; x_wconf 91' lang='lat' dir='ltr'>non</span> <span class='ocrx_word' id='word_1_116' title='bbox 1233 1731 1313 1772; x_wconf 89' lang='lat' dir='ltr'>mere</span> 
     </span>
     <span class='ocr_line' id='line_1_15' title="bbox 210 1812 1312 1892; baseline 0 -20"><span class='ocrx_word' id='word_1_117' title='bbox 210 1833 276 1874; x_wconf 86' lang='lat' dir='ltr'>esse</span> <span class='ocrx_word' id='word_1_118' title='bbox 292 1814 460 1874; x_wconf 87' lang='lat' dir='ltr'>minitantia</span> <span class='ocrx_word' id='word_1_119' title='bbox 473 1813 627 1888; x_wconf 87' lang='lat' dir='ltr'>vaticinia,</span> <span class='ocrx_word' id='word_1_120' title='bbox 645 1833 723 1892; x_wconf 85' lang='lat' dir='ltr'>quae</span> <span class='ocrx_word' id='word_1_121' title='bbox 738 1813 913 1890; x_wconf 87' lang='lat' dir='ltr'>inscriptum</span> <span class='ocrx_word' id='word_1_122' title='bbox 928 1812 1040 1872; x_wconf 78' lang='lat' dir='ltr'>hubent</span> <span class='ocrx_word' id='word_1_123' title='bbox 1060 1825 1142 1873; x_wconf 69' lang='lat' dir='ltr'>nnn.</span> <span class='ocrx_word' id='word_1_124' title='bbox 1189 1814 1234 1872; x_wconf 84' lang='lat' dir='ltr'>At</span> <span class='ocrx_word' id='word_1_125' title='bbox 1249 1832 1312 1872; x_wconf 89' lang='lat' dir='ltr'>am-</span> 
     </span>
     <span class='ocr_line' id='line_1_16' title="bbox 208 1912 1312 1992; baseline -0.001 -20"><span class='ocrx_word' id='word_1_126' title='bbox 208 1914 346 1991; x_wconf 86' lang='lat' dir='ltr'>pIIssima</span> <span class='ocrx_word' id='word_1_127' title='bbox 362 1914 528 1992; x_wconf 85' lang='lat' dir='ltr'>quaestioni</span> <span class='ocrx_word' id='word_1_128' title='bbox 545 1915 599 1974; x_wconf 83' lang='lat' dir='ltr'>lux</span> <span class='ocrx_word' id='word_1_129' title='bbox 616 1915 730 1974; x_wconf 85' lang='lat' dir='ltr'>accedit</span> <span class='ocrx_word' id='word_1_130' title='bbox 747 1934 763 1972; x_wconf 92' lang='lat' dir='ltr'>e</span> <span class='ocrx_word' id='word_1_131' title='bbox 780 1934 867 1974; x_wconf 87' lang='lat' dir='ltr'>versu</span> <span class='ocrx_word' id='word_1_132' title='bbox 884 1913 960 1972; x_wconf 64' lang='lat' dir='ltr'>teda</span> <span class='ocrx_word' id='word_1_133' title='bbox 981 1921 1011 1972; x_wconf 91' lang='lat' dir='ltr'>et</span> <span class='ocrx_word' id='word_1_134' title='bbox 1022 1913 1151 1988; x_wconf 83' lang='lat' dir='ltr'>percellit</span> <span class='ocrx_word' id='word_1_135' title='bbox 1161 1912 1312 1975; x_wconf 86' lang='lat' dir='ltr'>Dominus</span> 
     </span>
     <span class='ocr_line' id='line_1_17' title="bbox 206 2013 1312 2094; baseline -0.002 -20"><span class='ocrx_word' id='word_1_136' title='bbox 206 2017 378 2094; x_wconf 78' lang='lat' dir='ltr'>Aegyptum</span> <span class='ocrx_word' id='word_1_137' title='bbox 400 2017 573 2092; x_wconf 79' lang='lat' dir='ltr'>percellendo</span> <span class='ocrx_word' id='word_1_138' title='bbox 589 2017 672 2074; x_wconf 79' lang='lat' dir='ltr'>cimai</span> <span class='ocrx_word' id='word_1_139' title='bbox 688 2025 716 2074; x_wconf 86' lang='lat' dir='ltr'>et</span> <span class='ocrx_word' id='word_1_140' title='bbox 730 2015 880 2082; x_wconf 75' lang='lat' dir='ltr'>medcad03</span> <span class='ocrx_word' id='word_1_141' title='bbox 905 2015 963 2073; x_wconf 90' lang='lat' dir='ltr'>hoc</span> <span class='ocrx_word' id='word_1_142' title='bbox 985 2021 1031 2074; x_wconf 85' lang='lat' dir='ltr'>est</span> <span class='ocrx_word' id='word_1_143' title='bbox 1056 2013 1133 2072; x_wconf 89' lang='lat' dir='ltr'>enim</span> <span class='ocrx_word' id='word_1_144' title='bbox 1156 2013 1312 2091; x_wconf 89' lang='lat' dir='ltr'>proprium</span> 
     </span>
     <span class='ocr_line' id='line_1_18' title="bbox 206 2115 1312 2194; baseline -0.001 -21"><span class='ocrx_word' id='word_1_145' title='bbox 206 2115 280 2174; x_wconf 88' lang='lat' dir='ltr'>illud</span> <span class='ocrx_word' id='word_1_146' title='bbox 297 2124 327 2176; x_wconf 92' lang='lat' dir='ltr'>et</span> <span class='ocrx_word' id='word_1_147' title='bbox 343 2115 491 2192; x_wconf 79' lang='lat' dir='ltr'>peculiare</span> <span class='ocrx_word' id='word_1_148' title='bbox 507 2117 662 2194; x_wconf 86' lang='lat' dir='ltr'>plagarum</span> <span class='ocrx_word' id='word_1_149' title='bbox 679 2116 863 2190; x_wconf 83' lang='lat' dir='ltr'>divinarum,</span> <span class='ocrx_word' id='word_1_150' title='bbox 887 2115 968 2194; x_wconf 90' lang='lat' dir='ltr'>quod</span> <span class='ocrx_word' id='word_1_151' title='bbox 983 2115 1176 2191; x_wconf 74' lang='lat' dir='ltr'>pessumdant</span> <span class='ocrx_word' id='word_1_152' title='bbox 1192 2115 1312 2193; x_wconf 86' lang='lat' dir='ltr'>quidem</span> 
     </span>
     <span class='ocr_line' id='line_1_19' title="bbox 206 2215 1314 2293; baseline -0.002 -18"><span class='ocrx_word' id='word_1_153' title='bbox 206 2225 392 2293; x_wconf 85' lang='lat' dir='ltr'>peccatores,</span> <span class='ocrx_word' id='word_1_154' title='bbox 411 2217 555 2278; x_wconf 89' lang='lat' dir='ltr'>eiusmodi</span> <span class='ocrx_word' id='word_1_155' title='bbox 571 2226 685 2290; x_wconf 88' lang='lat' dir='ltr'>tamen,</span> <span class='ocrx_word' id='word_1_156' title='bbox 703 2225 736 2276; x_wconf 90' lang='lat' dir='ltr'>ut</span> <span class='ocrx_word' id='word_1_157' title='bbox 752 2224 814 2276; x_wconf 78' lang='lat' dir='ltr'>tam</span> <span class='ocrx_word' id='word_1_158' title='bbox 830 2215 1027 2276; x_wconf 89' lang='lat' dir='ltr'>conditionem</span> <span class='ocrx_word' id='word_1_159' title='bbox 1044 2234 1134 2292; x_wconf 89' lang='lat' dir='ltr'>quam</span> <span class='ocrx_word' id='word_1_160' title='bbox 1150 2215 1314 2274; x_wconf 84' lang='lat' dir='ltr'>remedium</span> 
     </span>
     <span class='ocr_line' id='line_1_20' title="bbox 206 2314 1310 2395; baseline 0 -21"><span class='ocrx_word' id='word_1_161' title='bbox 206 2316 238 2375; x_wconf 91' lang='lat' dir='ltr'>in</span> <span class='ocrx_word' id='word_1_162' title='bbox 255 2335 288 2376; x_wconf 89' lang='lat' dir='ltr'>se</span> <span class='ocrx_word' id='word_1_163' title='bbox 304 2327 410 2395; x_wconf 84' lang='lat' dir='ltr'>gerant</span> <span class='ocrx_word' id='word_1_164' title='bbox 425 2317 548 2390; x_wconf 85' lang='lat' dir='ltr'>salutis,</span> <span class='ocrx_word' id='word_1_165' title='bbox 573 2318 732 2376; x_wconf 91' lang='lat' dir='ltr'>dummodo</span> <span class='ocrx_word' id='word_1_166' title='bbox 749 2316 878 2392; x_wconf 89' lang='lat' dir='ltr'>perculsi</span> <span class='ocrx_word' id='word_1_167' title='bbox 894 2317 1017 2376; x_wconf 89' lang='lat' dir='ltr'>redeant</span> <span class='ocrx_word' id='word_1_168' title='bbox 1038 2316 1078 2374; x_wconf 88' lang='lat' dir='ltr'>ad</span> <span class='ocrx_word' id='word_1_169' title='bbox 1094 2314 1256 2374; x_wconf 88' lang='lat' dir='ltr'>Dominum</span> <span class='ocrx_word' id='word_1_170' title='bbox 1273 2347 1310 2358; x_wconf 89' lang='lat'>--</span> 
     </span>
     <span class='ocr_line' id='line_1_21' title="bbox 207 2414 1312 2489; baseline 0.002 -15"><span class='ocrx_word' id='word_1_171' title='bbox 207 2426 260 2489; x_wconf 90' lang='lat' dir='ltr'>„et</span> <span class='ocrx_word' id='word_1_172' title='bbox 274 2425 461 2476; x_wconf 85' lang='lat' dir='ltr'>revertuntur</span> <span class='ocrx_word' id='word_1_173' title='bbox 477 2418 516 2476; x_wconf 90' lang='lat' dir='ltr'>ad</span> <span class='ocrx_word' id='word_1_174' title='bbox 532 2416 695 2476; x_wconf 89' lang='lat' dir='ltr'>Dominum</span> <span class='ocrx_word' id='word_1_175' title='bbox 712 2423 742 2474; x_wconf 90' lang='lat' dir='ltr'>et</span> <span class='ocrx_word' id='word_1_176' title='bbox 758 2416 881 2474; x_wconf 82' lang='lat' dir='ltr'>exaudit</span> <span class='ocrx_word' id='word_1_177' title='bbox 897 2433 949 2475; x_wconf 89' lang='lat' dir='ltr'>eos</span> <span class='ocrx_word' id='word_1_178' title='bbox 973 2423 1003 2474; x_wconf 90' lang='lat' dir='ltr'>et</span> <span class='ocrx_word' id='word_1_179' title='bbox 1018 2414 1151 2474; x_wconf 88' lang='lat' dir='ltr'>medetur</span> <span class='ocrx_word' id='word_1_180' title='bbox 1167 2415 1243 2487; x_wconf 85' lang='lat' dir='ltr'>iis“;</span> <span class='ocrx_word' id='word_1_181' title='bbox 1266 2424 1312 2478; x_wconf 64' lang='lat' dir='ltr'>ete</span> 
     </span>
     <span class='ocr_line' id='line_1_22' title="bbox 207 2514 1362 2595; baseline -0.001 -20"><span class='ocrx_word' id='word_1_182' title='bbox 207 2525 322 2590; x_wconf 86' lang='lat' dir='ltr'>tamen,</span> <span class='ocrx_word' id='word_1_183' title='bbox 346 2517 427 2595; x_wconf 87' lang='lat' dir='ltr'>quod</span> <span class='ocrx_word' id='word_1_184' title='bbox 448 2516 576 2594; x_wconf 90' lang='lat' dir='ltr'>primum</span> <span class='ocrx_word' id='word_1_185' title='bbox 598 2525 688 2595; x_wconf 90' lang='lat' dir='ltr'>atque</span> <span class='ocrx_word' id='word_1_186' title='bbox 704 2515 834 2576; x_wconf 86' lang='lat' dir='ltr'>maxime</span> <span class='ocrx_word' id='word_1_187' title='bbox 851 2515 931 2586; x_wconf 84' lang='lat' dir='ltr'>cadit</span> <span class='ocrx_word' id='word_1_188' title='bbox 953 2517 1007 2576; x_wconf 89' lang='lat' dir='ltr'>sub</span> <span class='ocrx_word' id='word_1_189' title='bbox 1026 2515 1145 2589; x_wconf 71' lang='lat' dir='ltr'>occulos,</span> <span class='ocrx_word' id='word_1_190' title='bbox 1169 2514 1313 2574; x_wconf 87' lang='lat' dir='ltr'>violentia</span> <span class='ocrx_word' id='word_1_191' title='bbox 1358 2547 1362 2554; x_wconf 95' lang='lat'>·</span> 
     </span>
     <span class='ocr_line' id='line_1_23' title="bbox 206 2615 1311 2696; baseline -0.003 -19"><span class='ocrx_word' id='word_1_192' title='bbox 206 2624 252 2677; x_wconf 88' lang='lat' dir='ltr'>est</span> <span class='ocrx_word' id='word_1_193' title='bbox 268 2617 424 2696; x_wconf 86' lang='lat' dir='ltr'>plagarum</span> <span class='ocrx_word' id='word_1_194' title='bbox 448 2627 478 2677; x_wconf 91' lang='lat' dir='ltr'>et</span> <span class='ocrx_word' id='word_1_195' title='bbox 501 2637 622 2678; x_wconf 89' lang='lat' dir='ltr'>onerum</span> <span class='ocrx_word' id='word_1_196' title='bbox 644 2618 826 2696; x_wconf 79' lang='lat' dir='ltr'>ingestorum</span> <span class='ocrx_word' id='word_1_197' title='bbox 849 2617 952 2677; x_wconf 89' lang='lat' dir='ltr'>moles.</span> <span class='ocrx_word' id='word_1_198' title='bbox 987 2649 1023 2660; x_wconf 83' lang='lat'>—-·</span> <span class='ocrx_word' id='word_1_199' title='bbox 1057 2615 1191 2676; x_wconf 89' lang='lat' dir='ltr'>Nimium</span> <span class='ocrx_word' id='word_1_200' title='bbox 1212 2625 1311 2674; x_wconf 88' lang='lat' dir='ltr'>autem</span> 
     </span>
     <span class='ocr_line' id='line_1_24' title="bbox 207 2713 1309 2797; baseline -0.002 -19"><span class='ocrx_word' id='word_1_201' title='bbox 207 2717 282 2778; x_wconf 89' lang='lat' dir='ltr'>vidit</span> <span class='ocrx_word' id='word_1_202' title='bbox 297 2713 484 2779; x_wconf 74' lang='lat' dir='ltr'>Konsrrc&#39;uus</span> <span class='ocrx_word' id='word_1_203' title='bbox 501 2719 533 2777; x_wconf 89' lang='lat' dir='ltr'>iu</span> <span class='ocrx_word' id='word_1_204' title='bbox 549 2720 607 2778; x_wconf 88' lang='lat' dir='ltr'>hoc</span> <span class='ocrx_word' id='word_1_205' title='bbox 623 2737 746 2797; x_wconf 80' lang='lat' dir='ltr'>genere,</span> <span class='ocrx_word' id='word_1_206' title='bbox 764 2718 784 2777; x_wconf 94' lang='lat' dir='ltr'>l.</span> <span class='ocrx_word' id='word_1_207' title='bbox 798 2717 818 2778; x_wconf 93' lang='lat' dir='ltr'>l.</span> <span class='ocrx_word' id='word_1_208' title='bbox 836 2737 867 2794; x_wconf 89' lang='lat' dir='ltr'>p.</span> <span class='ocrx_word' id='word_1_209' title='bbox 882 2721 949 2776; x_wconf 77' lang='lat'><strong>260:</strong></span> <span class='ocrx_word' id='word_1_210' title='bbox 968 2716 1070 2791; x_wconf 77' lang='lat' dir='ltr'>„Dans</span> <span class='ocrx_word' id='word_1_211' title='bbox 1088 2734 1119 2777; x_wconf 82' lang='lat' dir='ltr'>es</span> <span class='ocrx_word' id='word_1_212' title='bbox 1137 2715 1186 2776; x_wconf 87' lang='lat' dir='ltr'>uie</span> <span class='ocrx_word' id='word_1_213' title='bbox 1202 2716 1309 2776; x_wconf 83' lang='lat' dir='ltr'>andere</span> 
     </span>
     <span class='ocr_line' id='line_1_25' title="bbox 207 2816 1309 2898; baseline -0.001 -20"><span class='ocrx_word' id='word_1_214' title='bbox 207 2819 252 2879; x_wconf 84' lang='lat' dir='ltr'>als</span> <span class='ocrx_word' id='word_1_215' title='bbox 276 2819 325 2878; x_wconf 90' lang='lat' dir='ltr'>bei</span> <span class='ocrx_word' id='word_1_216' title='bbox 341 2819 653 2898; x_wconf 83' lang='lat' dir='ltr'>Drohweissaguugcn</span> <span class='ocrx_word' id='word_1_217' title='bbox 675 2820 837 2898; x_wconf 84' lang='lat' dir='ltr'>gebraucht</span> <span class='ocrx_word' id='word_1_218' title='bbox 853 2819 967 2892; x_wconf 87' lang='lat' dir='ltr'>werde,</span> <span class='ocrx_word' id='word_1_219' title='bbox 991 2818 1033 2878; x_wconf 84' lang='lat' dir='ltr'>ist</span> <span class='ocrx_word' id='word_1_220' title='bbox 1048 2832 1108 2878; x_wconf 82' lang='lat' dir='ltr'>von</span> <span class='ocrx_word' id='word_1_221' title='bbox 1133 2816 1236 2876; x_wconf 89' lang='lat' dir='ltr'>keiner</span> <span class='ocrx_word' id='word_1_222' title='bbox 1253 2816 1309 2878; x_wconf 88' lang='lat' dir='ltr'>Be-</span> 
     </span>
     <span class='ocr_line' id='line_1_26' title="bbox 207 2918 1309 2998; baseline -0.002 -20"><span class='ocrx_word' id='word_1_223' title='bbox 207 2921 351 2998; x_wconf 85' lang='lat' dir='ltr'>deutung,</span> <span class='ocrx_word' id='word_1_224' title='bbox 377 2919 416 2979; x_wconf 89' lang='lat' dir='ltr'>da</span> <span class='ocrx_word' id='word_1_225' title='bbox 440 2921 471 2979; x_wconf 91' lang='lat' dir='ltr'>in</span> <span class='ocrx_word' id='word_1_226' title='bbox 497 2921 575 2980; x_wconf 89' lang='lat' dir='ltr'>allen</span> <span class='ocrx_word' id='word_1_227' title='bbox 593 2921 830 2998; x_wconf 84' lang='lat' dir='ltr'>Weiseagungen</span> <span class='ocrx_word' id='word_1_228' title='bbox 852 2920 939 2980; x_wconf 88' lang='lat' dir='ltr'>theiis</span> <span class='ocrx_word' id='word_1_229' title='bbox 964 2919 1105 2996; x_wconf 84' lang='lat' dir='ltr'>gedroht,</span> <span class='ocrx_word' id='word_1_230' title='bbox 1131 2918 1219 2978; x_wconf 81' lang='lat' dir='ltr'>theiis</span> <span class='ocrx_word' id='word_1_231' title='bbox 1244 2937 1309 2976; x_wconf 87' lang='lat' dir='ltr'>ver-</span> 
     </span>
     <span class='ocr_line' id='line_1_27' title="bbox 205 3017 1308 3097; baseline 0 -19"><span class='ocrx_word' id='word_1_232' title='bbox 205 3019 322 3080; x_wconf 85' lang='lat' dir='ltr'>heissen</span> <span class='ocrx_word' id='word_1_233' title='bbox 340 3020 452 3094; x_wconf 85' lang='lat' dir='ltr'>wird;“</span> <span class='ocrx_word' id='word_1_234' title='bbox 476 3020 648 3082; x_wconf 88' lang='lat' dir='ltr'>inscribitur</span> <span class='ocrx_word' id='word_1_235' title='bbox 665 3020 743 3080; x_wconf 89' lang='lat' dir='ltr'>enim</span> <span class='ocrx_word' id='word_1_236' title='bbox 766 3029 888 3096; x_wconf 88' lang='lat' dir='ltr'>aparte</span> <span class='ocrx_word' id='word_1_237' title='bbox 908 3020 1020 3097; x_wconf 89' lang='lat' dir='ltr'>potiori</span> <span class='ocrx_word' id='word_1_238' title='bbox 1037 3019 1203 3096; x_wconf 81' lang='lat' dir='ltr'>argumenti</span> <span class='ocrx_word' id='word_1_239' title='bbox 1220 3017 1308 3078; x_wconf 90' lang='lat' dir='ltr'>ratio.</span> 
     </span>
     <span class='ocr_line' id='line_1_28' title="bbox 205 3120 1309 3198; baseline -0.001 -21"><span class='ocrx_word' id='word_1_240' title='bbox 205 3121 236 3198; x_wconf 88' lang='grc'>3)</span> <span class='ocrx_word' id='word_1_241' title='bbox 254 3121 317 3178; x_wconf 88' lang='lat' dir='ltr'>Iam</span> <span class='ocrx_word' id='word_1_242' title='bbox 342 3140 413 3179; x_wconf 86' lang='lat' dir='ltr'>vero</span> <span class='ocrx_word' id='word_1_243' title='bbox 436 3120 680 3194; x_wconf 80' lang='lat' dir='ltr'>Dnmrzsornus,</span> <span class='ocrx_word' id='word_1_244' title='bbox 711 3140 776 3180; x_wconf 89' lang='lat' dir='ltr'>eum</span> <span class='ocrx_word' id='word_1_245' title='bbox 799 3120 909 3179; x_wconf 88' lang='lat' dir='ltr'>Threu.</span> <span class='ocrx_word' id='word_1_246' title='bbox 922 3120 967 3191; x_wconf 91' lang='lat' dir='ltr'>II,</span> <span class='ocrx_word' id='word_1_247' title='bbox 994 3125 1152 3179; x_wconf 70' lang='lat' dir='ltr'>revocem</span> <span class='ocrx_word' id='word_1_248' title='bbox 1174 3126 1309 3180; x_wconf 77' lang='lat' dir='ltr'>uostrmn</span> 
     </span>
     <span class='ocr_line' id='line_1_29' title="bbox 205 3219 1310 3298; baseline -0.003 -19"><span class='ocrx_word' id='word_1_249' title='bbox 205 3220 242 3279; x_wconf 91' lang='lat' dir='ltr'>de</span> <span class='ocrx_word' id='word_1_250' title='bbox 254 3220 403 3279; x_wconf 87' lang='lat' dir='ltr'>vaticiniis</span> <span class='ocrx_word' id='word_1_251' title='bbox 419 3240 543 3298; x_wconf 85' lang='lat' dir='ltr'>prorsus</span> <span class='ocrx_word' id='word_1_252' title='bbox 558 3221 695 3280; x_wconf 78' lang='lat' dir='ltr'>felicibus</span> <span class='ocrx_word' id='word_1_253' title='bbox 711 3220 769 3279; x_wconf 89' lang='lat' dir='ltr'>dici</span> <span class='ocrx_word' id='word_1_254' title='bbox 786 3227 952 3291; x_wconf 85' lang='lat' dir='ltr'>asseveret,</span> <span class='ocrx_word' id='word_1_255' title='bbox 970 3219 1008 3278; x_wconf 87' lang='lat' dir='ltr'>ab</span> <span class='ocrx_word' id='word_1_256' title='bbox 1025 3219 1134 3277; x_wconf 89' lang='lat' dir='ltr'>idoneo</span> <span class='ocrx_word' id='word_1_257' title='bbox 1150 3219 1310 3276; x_wconf 89' lang='lat' dir='ltr'>verborum</span> 
     </span>
     <span class='ocr_line' id='line_1_30' title="bbox 206 3317 1309 3394; baseline -0.004 -14"><span class='ocrx_word' id='word_1_258' title='bbox 206 3339 292 3380; x_wconf 89' lang='lat' dir='ltr'>seusu</span> <span class='ocrx_word' id='word_1_259' title='bbox 310 3321 414 3380; x_wconf 85' lang='lat' dir='ltr'>abesse</span> <span class='ocrx_word' id='word_1_260' title='bbox 430 3320 562 3380; x_wconf 83' lang='lat' dir='ltr'>videtur:</span> <span class='ocrx_word' id='word_1_261' title='bbox 579 3329 685 3394; x_wconf 86' lang='lat' dir='ltr'>„vates</span> <span class='ocrx_word' id='word_1_262' title='bbox 702 3320 745 3381; x_wconf 92' lang='lat' dir='ltr'>tui</span> <span class='ocrx_word' id='word_1_263' title='bbox 762 3319 915 3379; x_wconf 87' lang='lat' dir='ltr'>mendacia</span> <span class='ocrx_word' id='word_1_264' title='bbox 932 3318 987 3377; x_wconf 93' lang='lat' dir='ltr'>tibi</span> <span class='ocrx_word' id='word_1_265' title='bbox 1004 3327 1034 3378; x_wconf 89' lang='lat' dir='ltr'>ct</span> <span class='ocrx_word' id='word_1_266' title='bbox 1050 3318 1128 3378; x_wconf 77' lang='lat' dir='ltr'>falsa</span> <span class='ocrx_word' id='word_1_267' title='bbox 1144 3317 1309 3377; x_wconf 84' lang='lat' dir='ltr'>vaticinan-</span> 
     </span>
     <span class='ocr_line' id='line_1_31' title="bbox 205 3418 1308 3498; baseline -0.002 -18"><span class='ocrx_word' id='word_1_268' title='bbox 205 3430 269 3494; x_wconf 91' lang='lat' dir='ltr'>tur,</span> <span class='ocrx_word' id='word_1_269' title='bbox 292 3441 346 3481; x_wconf 89' lang='lat' dir='ltr'>nec</span> <span class='ocrx_word' id='word_1_270' title='bbox 363 3430 414 3482; x_wconf 87' lang='lat' dir='ltr'>tua</span> <span class='ocrx_word' id='word_1_271' title='bbox 430 3421 486 3480; x_wconf 90' lang='lat' dir='ltr'>tibi</span> <span class='ocrx_word' id='word_1_272' title='bbox 508 3421 643 3481; x_wconf 90' lang='lat' dir='ltr'>facinora</span> <span class='ocrx_word' id='word_1_273' title='bbox 660 3420 813 3498; x_wconf 89' lang='lat' dir='ltr'>aperiunt,</span> <span class='ocrx_word' id='word_1_274' title='bbox 838 3429 872 3479; x_wconf 87' lang='lat' dir='ltr'>ut</span> <span class='ocrx_word' id='word_1_275' title='bbox 894 3418 1020 3478; x_wconf 90' lang='lat' dir='ltr'>reditum</span> <span class='ocrx_word' id='word_1_276' title='bbox 1042 3419 1192 3478; x_wconf 89' lang='lat' dir='ltr'>adducant</span> <span class='ocrx_word' id='word_1_277' title='bbox 1215 3418 1308 3494; x_wconf 88' lang='lat' dir='ltr'>capti·</span> 
     </span>
     <span class='ocr_line' id='line_1_32' title="bbox 205 3519 1310 3591; baseline -0.001 -11"><span class='ocrx_word' id='word_1_278' title='bbox 205 3539 325 3580; x_wconf 86' lang='lat' dir='ltr'>vornm:</span> <span class='ocrx_word' id='word_1_279' title='bbox 353 3523 404 3582; x_wconf 86' lang='lat' dir='ltr'>scd</span> <span class='ocrx_word' id='word_1_280' title='bbox 421 3523 499 3583; x_wconf 83' lang='lat' dir='ltr'>falec</span> <span class='ocrx_word' id='word_1_281' title='bbox 515 3521 570 3582; x_wconf 89' lang='lat' dir='ltr'>tibi</span> <span class='ocrx_word' id='word_1_282' title='bbox 587 3521 786 3582; x_wconf 85' lang='lat' dir='ltr'>vaticinantur</span> <span class='ocrx_word' id='word_1_283' title='bbox 803 3539 894 3581; x_wconf 89' lang='lat' dir='ltr'>onera</span> <span class='ocrx_word' id='word_1_284' title='bbox 917 3528 947 3578; x_wconf 90' lang='lat' dir='ltr'>et</span> <span class='ocrx_word' id='word_1_285' title='bbox 971 3519 1193 3591; x_wconf 86' lang='lat' dir='ltr'>seductiones“;</span> <span class='ocrx_word' id='word_1_286' title='bbox 1218 3538 1310 3579; x_wconf 85' lang='lat' dir='ltr'>onera</span> 
     </span>
     <span class='ocr_line' id='line_1_33' title="bbox 206 3619 1306 3702; baseline 0 -24"><span class='ocrx_word' id='word_1_287' title='bbox 206 3620 283 3680; x_wconf 90' lang='lat' dir='ltr'>euim</span> <span class='ocrx_word' id='word_1_288' title='bbox 300 3631 402 3698; x_wconf 88' lang='lat' dir='ltr'>aperte</span> <span class='ocrx_word' id='word_1_289' title='bbox 419 3632 488 3683; x_wconf 88' lang='lat' dir='ltr'>suut</span> <span class='ocrx_word' id='word_1_290' title='bbox 510 3623 653 3697; x_wconf 84' lang='lat' dir='ltr'>hostium,</span> <span class='ocrx_word' id='word_1_291' title='bbox 681 3623 790 3702; x_wconf 88' lang='lat' dir='ltr'>quibus</span> <span class='ocrx_word' id='word_1_292' title='bbox 814 3619 884 3682; x_wconf 86' lang='lat' dir='ltr'>falsi</span> <span class='ocrx_word' id='word_1_293' title='bbox 900 3631 984 3680; x_wconf 83' lang='lat' dir='ltr'>vates</span> <span class='ocrx_word' id='word_1_294' title='bbox 1009 3619 1133 3680; x_wconf 87' lang='lat' dir='ltr'>exitium</span> <span class='ocrx_word' id='word_1_295' title='bbox 1150 3619 1306 3697; x_wconf 84' lang='lat' dir='ltr'>praedixe-</span> 
     </span>
     <span class='ocr_line' id='line_1_34' title="bbox 205 3721 1308 3802; baseline 0.001 -23"><span class='ocrx_word' id='word_1_296' title='bbox 205 3729 291 3795; x_wconf 88' lang='lat' dir='ltr'>runt,</span> <span class='ocrx_word' id='word_1_297' title='bbox 316 3732 349 3781; x_wconf 92' lang='lat' dir='ltr'>ut</span> <span class='ocrx_word' id='word_1_298' title='bbox 365 3741 468 3782; x_wconf 85' lang='lat' dir='ltr'>euram</span> <span class='ocrx_word' id='word_1_299' title='bbox 491 3733 645 3800; x_wconf 85' lang='lat' dir='ltr'>captarent</span> <span class='ocrx_word' id='word_1_300' title='bbox 669 3724 853 3802; x_wconf 91' lang='lat' dir='ltr'>popularem.</span> <span class='ocrx_word' id='word_1_301' title='bbox 888 3723 919 3800; x_wconf 83' lang='lat'>4)</span> <span class='ocrx_word' id='word_1_302' title='bbox 936 3723 1038 3781; x_wconf 88' lang='lat' dir='ltr'>ierem.</span> <span class='ocrx_word' id='word_1_303' title='bbox 1053 3721 1163 3780; x_wconf 84' lang='lat' dir='ltr'>XXIII</span> <span class='ocrx_word' id='word_1_304' title='bbox 1185 3739 1308 3782; x_wconf 83' lang='lat' dir='ltr'>acumen</span> 
     </span>
     <span class='ocr_line' id='line_1_35' title="bbox 205 3820 1308 3904; baseline 0.002 -24"><span class='ocrx_word' id='word_1_305' title='bbox 205 3821 248 3880; x_wconf 88' lang='lat' dir='ltr'>rei</span> <span class='ocrx_word' id='word_1_306' title='bbox 265 3821 295 3881; x_wconf 89' lang='lat' dir='ltr'>iu</span> <span class='ocrx_word' id='word_1_307' title='bbox 313 3840 348 3880; x_wconf 93' lang='lat' dir='ltr'>eo</span> <span class='ocrx_word' id='word_1_308' title='bbox 365 3823 497 3900; x_wconf 88' lang='lat' dir='ltr'>positum</span> <span class='ocrx_word' id='word_1_309' title='bbox 514 3832 574 3898; x_wconf 86' lang='lat' dir='ltr'>est,</span> <span class='ocrx_word' id='word_1_310' title='bbox 593 3825 674 3904; x_wconf 92' lang='lat' dir='ltr'>quod</span> <span class='ocrx_word' id='word_1_311' title='bbox 691 3824 867 3904; x_wconf 90' lang='lat' dir='ltr'>quotidiana</span> <span class='ocrx_word' id='word_1_312' title='bbox 882 3822 960 3882; x_wconf 85' lang='lat' dir='ltr'>vatis</span> <span class='ocrx_word' id='word_1_313' title='bbox 979 3840 1070 3882; x_wconf 89' lang='lat' dir='ltr'>onera</span> <span class='ocrx_word' id='word_1_314' title='bbox 1086 3820 1167 3882; x_wconf 83' lang='lat' dir='ltr'>facta</span> <span class='ocrx_word' id='word_1_315' title='bbox 1183 3821 1222 3882; x_wconf 89' lang='lat' dir='ltr'>iis</span> <span class='ocrx_word' id='word_1_316' title='bbox 1239 3840 1308 3882; x_wconf 90' lang='lat' dir='ltr'>one·</span> 
     </span>
     <span class='ocr_line' id='line_1_36' title="bbox 205 3922 1308 4002; baseline -0.001 -21"><span class='ocrx_word' id='word_1_317' title='bbox 205 3942 276 3982; x_wconf 83' lang='lat' dir='ltr'>rosa</span> <span class='ocrx_word' id='word_1_318' title='bbox 293 3931 392 3998; x_wconf 86' lang='lat' dir='ltr'>erant,</span> <span class='ocrx_word' id='word_1_319' title='bbox 412 3943 571 4002; x_wconf 89' lang='lat' dir='ltr'>eorumque</span> <span class='ocrx_word' id='word_1_320' title='bbox 588 3925 717 3984; x_wconf 87' lang='lat' dir='ltr'>taedium</span> <span class='ocrx_word' id='word_1_321' title='bbox 735 3931 890 3984; x_wconf 85' lang='lat' dir='ltr'>moverant</span> <span class='ocrx_word' id='word_1_322' title='bbox 902 3930 931 3982; x_wconf 89' lang='lat' dir='ltr'>et</span> <span class='ocrx_word' id='word_1_323' title='bbox 942 3922 1112 3995; x_wconf 83' lang='lat' dir='ltr'>lascivicm3</span> <span class='ocrx_word' id='word_1_324' title='bbox 1130 3931 1220 4000; x_wconf 86' lang='lat' dir='ltr'>atque</span> <span class='ocrx_word' id='word_1_325' title='bbox 1233 3922 1308 3981; x_wconf 89' lang='lat' dir='ltr'>adeo</span> 
     </span>
     <span class='ocr_line' id='line_1_37' title="bbox 203 4022 1308 4102; baseline -0.002 -20"><span class='ocrx_word' id='word_1_326' title='bbox 203 4022 287 4084; x_wconf 90' lang='lat' dir='ltr'>Deus</span> <span class='ocrx_word' id='word_1_327' title='bbox 303 4024 361 4083; x_wconf 93' lang='lat' dir='ltr'>hoc</span> <span class='ocrx_word' id='word_1_328' title='bbox 384 4025 426 4084; x_wconf 90' lang='lat' dir='ltr'>uti</span> <span class='ocrx_word' id='word_1_329' title='bbox 445 4024 534 4083; x_wconf 90' lang='lat' dir='ltr'>etiam</span> <span class='ocrx_word' id='word_1_330' title='bbox 551 4026 696 4084; x_wconf 89' lang='lat' dir='ltr'>vocabulo</span> <span class='ocrx_word' id='word_1_331' title='bbox 721 4027 882 4102; x_wconf 87' lang='lat' dir='ltr'>prophetas</span> <span class='ocrx_word' id='word_1_332' title='bbox 899 4024 1008 4098; x_wconf 86' lang='lat' dir='ltr'>vetuit,</span> <span class='ocrx_word' id='word_1_333' title='bbox 1035 4043 1071 4081; x_wconf 92' lang='lat' dir='ltr'>ne</span> <span class='ocrx_word' id='word_1_334' title='bbox 1096 4040 1181 4082; x_wconf 87' lang='lat' dir='ltr'>sacra</span> <span class='ocrx_word' id='word_1_335' title='bbox 1206 4040 1308 4081; x_wconf 88' lang='lat' dir='ltr'>eorum</span> 
     </span>
     <span class='ocr_line' id='line_1_38' title="bbox 204 4123 1307 4204; baseline -0.002 -22"><span class='ocrx_word' id='word_1_336' title='bbox 204 4125 336 4204; x_wconf 85' lang='lat' dir='ltr'>gravitas</span> <span class='ocrx_word' id='word_1_337' title='bbox 361 4135 391 4185; x_wconf 87' lang='lat' dir='ltr'>et</span> <span class='ocrx_word' id='word_1_338' title='bbox 415 4125 557 4186; x_wconf 82' lang='lat' dir='ltr'>severitas</span> <span class='ocrx_word' id='word_1_339' title='bbox 582 4125 709 4185; x_wconf 91' lang='lat' dir='ltr'>ludibrio</span> <span class='ocrx_word' id='word_1_340' title='bbox 733 4128 900 4185; x_wconf 87' lang='lat' dir='ltr'>haberetur.</span> <span class='ocrx_word' id='word_1_341' title='bbox 946 4123 1007 4184; x_wconf 86' lang='lat' dir='ltr'>Cir.</span> <span class='ocrx_word' id='word_1_342' title='bbox 1026 4123 1223 4182; x_wconf 69' lang='lat' dir='ltr'>Hancsrmtu.</span> <span class='ocrx_word' id='word_1_343' title='bbox 1248 4123 1268 4180; x_wconf 91' lang='lat' dir='ltr'>l.</span> <span class='ocrx_word' id='word_1_344' title='bbox 1287 4123 1307 4181; x_wconf 91' lang='lat' dir='ltr'>l.</span> 
     </span>
     <span class='ocr_line' id='line_1_39' title="bbox 204 4231 311 4303; baseline 0.019 -19"><span class='ocrx_word' id='word_1_345' title='bbox 204 4246 233 4303; x_wconf 92' lang='lat' dir='ltr'>p.</span> <span class='ocrx_word' id='word_1_346' title='bbox 254 4231 311 4286; x_wconf 84' lang='lat'>105.</span> 
     </span>
    </p>

    <p class='ocr_par' dir='ltr' id='par_1_3' title="bbox 253 4324 1307 4408">
     <span class='ocr_line' id='line_1_40' title="bbox 253 4324 1307 4408; baseline -0.001 -23"><span class='ocrx_word' id='word_1_347' title='bbox 253 4327 317 4387; x_wconf 84' lang='lat' dir='ltr'>Iam</span> <span class='ocrx_word' id='word_1_348' title='bbox 340 4328 432 4406; x_wconf 79' lang='lat' dir='ltr'>igitur</span> <span class='ocrx_word' id='word_1_349' title='bbox 457 4338 651 4408; x_wconf 86' lang='lat' dir='ltr'>posteaquam</span> <span class='ocrx_word' id='word_1_350' title='bbox 680 4329 761 4390; x_wconf 85' lang='lat' dir='ltr'>effati</span> <span class='ocrx_word' id='word_1_351' title='bbox 791 4335 969 4406; x_wconf 82' lang='lat' dir='ltr'>potestatem</span> <span class='ocrx_word' id='word_1_352' title='bbox 997 4347 1051 4388; x_wconf 91' lang='lat' dir='ltr'>nec</span> <span class='ocrx_word' id='word_1_353' title='bbox 1073 4345 1163 4404; x_wconf 82' lang='lat' dir='ltr'>posce</span> <span class='ocrx_word' id='word_1_354' title='bbox 1188 4324 1307 4386; x_wconf 88' lang='lat' dir='ltr'>omniuo</span> 
     </span>
    </p>
   </div>
   <div class='ocr_carea' id='block_1_3' title="bbox 0 0 1568 5000">
    <p class='ocr_par' dir='ltr' id='par_1_4' title="bbox 0 0 1568 5000">
     <span class='ocr_line' id='line_1_41' title="bbox 0 0 1568 5000; baseline 0 3"><span class='ocrx_word' id='word_1_355' title='bbox 0 0 1568 5000; x_wconf 95' lang='lat' dir='ltr'> </span> 
     </span>
    </p>
   </div>
  </div>
 </body>
</html>
