3122 5002
624 333 696 394 Car.
709 335 769 408 ΙΙΙ,
789 352 816 394 v.
832 341 857 393 4.
1248 331 1294 402 93

191 519 313 578 liohkeit
337 520 388 579 der
405 519 533 578 Leiohen
556 519 826 592 veransehaulioht‚
851 517 1045 579 sohioklioher
1067 520 1143 577 ohne
1166 520 1213 579 die
1235 519 1294 580 Go-

190 621 262 696 pula
279 621 404 692 steht;“
422 619 514 679 tutius
531 617 588 676 erit
604 618 759 678 lectionem
776 621 892 698 aliquot
908 620 980 678 libb.
994 620 1066 679 Mss.
1086 628 1116 678 et
1133 621 1294 680 editionum

191 721 275 798 sequi
292 721 359 797 (ofr.
376 721 400 779 I.
414 721 454 778 H.
469 721 563 778 Mrorr.
582 728 683 778 annot.
701 729 731 778 et
742 721 1042 780 Rosnrmunuasamr
1055 739 1082 780 a.
1096 721 1125 778 h.
1139 721 1176 797 l.)
1192 715 1291 812 rippa

190 822 233 879 uti
250 821 295 893 11,
314 825 347 893 6,
370 822 424 880 fut.
442 820 509 893 Ni„
533 820 581 878 eui
597 821 777 880 eontrarium
795 839 860 881 esse
877 822 995 898 nequit,
1020 821 1098 897 quod
1117 821 1207 880 Hrrz.
1227 795 1293 898 ἐριθ-

190 921 264 979 oiem
281 920 332 979 Ni.
350 921 480 980 maxime
496 939 550 996 per
567 901 787 980 similitudinem
806 921 952 980 enuntiari
970 921 1134 994 contendit,
1160 941 1228 980 nam
1245 922 1296 980 hio

190 1040 309 1098 quoque
326 1021 469 1080 translate
486 1020 586 1098 potius
605 1019 715 1079 dietum
733 1022 868 1095 videtur,
897 1031 926 1080 et
947 1020 1127 1098 respondere
1150 1021 1293 1099 quodam-

189 1123 278 1179 modo
295 1141 343 1180 vv.
363 1135 429 1197 usp
458 1135 532 1196 pur,
556 1121 643 1181 siouti
667 1121 837 1182 Luruuaus
859 1123 1001 1183 reddidit:
1025 1122 1117 1195 „dass
1134 1141 1202 1182 man
1221 1124 1294 1182 tiber

188 1222 251 1280 ihre
268 1221 445 1282 Leiohuame
461 1221 552 1280 fallen
570 1225 683 1282 muss.“

650 1575 837 1633 laud-l.

234 1723 300 1794 ¹Iam
320 1741 389 1782 vero
407 1731 490 1783 vates
507 1733 648 1783 revocata
663 1724 694 1782 in
717 1724 889 1782 memoriam
914 1732 1015 1783 tantae
1040 1725 1149 1802 stragis
1174 1744 1290 1798 caussa,

115 1841 117 1848 ⁴
186 1824 359 1882 immanium
375 1824 554 1901 flagitiorum
572 1823 804 1897 multitudinem,
823 1824 912 1884 scorti
930 1824 1058 1902 imagine
1076 1826 1219 1900 adhibita,
1233 1829 1291 1886 As·

183 1925 331 2001 syriorum
355 1925 466 1984 seelera
490 1925 521 1982 in
544 1933 647 2002 gentes
669 1934 840 2001 perpetrata
862 1925 1005 2001 proponit
1023 1945 1049 1986 v.
1068 1931 1101 1998 4,
1128 1927 1196 1985 dein
1226 1927 1292 1985 fore

186 2033 339 2084 asseverat
360 2034 394 2083 ut
415 2025 579 2102 ignominia
602 2043 704 2084 eorum
721 2027 839 2102 publius
856 2045 875 2084 a
891 2025 1023 2084 Domino
1041 2027 1224 2086 exercituum
1241 2029 1291 2086 de·

186 2134 303 2202 tegatur
321 2145 348 2184 v.
362 2129 389 2198 5,
406 2126 464 2202 ipsi
481 2127 512 2184 in
529 2126 746 2186 atrocissimum
763 2136 824 2186 tam
838 2136 1024 2204 peecatorum
1043 2148 1071 2186 v.
1086 2132 1102 2186 6
1120 2147 1210 2205 quam
1222 2147 1290 2204 sup·

184 2225 264 2303 plioii
282 2228 391 2285 abeant
408 2227 574 2304 exemplum
593 2247 620 2285 v.
634 2231 659 2284 7.

702 2497 728 2534 v.
747 2481 771 2534 4.

233 2625 357 2701 Propter
380 2626 581 2684 multitudinem
603 2629 804 2684 scortationum
826 2629 926 2696 scorti,
952 2635 1082 2685 uenustas
1104 2631 1288 2702 pretiositas,

182 2729 334 2802 magistrae
346 2729 581 2802 praesttpiorum,
604 2745 676 2802 quae
693 2727 827 2785 vendebat
838 2728 959 2803 populos
975 2731 1080 2802 stupris
1097 2732 1155 2786 sais
1178 2739 1205 2786 et
1219 2747 1286 2802 pen·

183 2837 222 2884 tea
242 2831 407 2903 praestipir'a
429 2831 494 2886 suis.
544 2825 742 2888 Soortationis
773 2827 934 2887 similitudo
964 2828 1090 2888 diversis
1119 2829 1286 2889 rationibus

182 2927 328 2987 translata
342 2929 374 2987 in
391 2928 422 2988 ll.
441 2947 480 2988 ss.
495 2930 655 3006 reperitur3
680 2928 822 3004 primurn,
847 2938 880 2987 ut
904 2929 1049 2988 defectum
1066 2947 1085 2988 a
1101 2929 1232 2988 Domino
1256 2939 1286 2988 et

180 3027 380 3088 idololatriam
398 3029 556 3104 signifieat,
575 3029 704 3088 maxime
721 3029 757 3087 de
770 3030 881 3088 Israele
899 3029 1024 3101 dietum,
1043 3031 1203 3088 secundum
1216 3049 1285 3088 oon·

180 3127 252 3204 iugii
269 3128 428 3204 imaginem
451 3129 482 3186 in
499 3128 623 3188 Cantieo
645 3129 816 3204 expositum
841 3137 870 3186 et
886 3127 1007 3188 Hoseae
1029 3137 1147 3204 praeter
1171 3139 1285 3189 eeteros

180 3228 331 3288 usitatum.
356 3229 404 3286 Ita
420 3242 554 3287 nostrum
571 3229 669 3286 looum
685 3228 896 3304 interpretatus
914 3237 959 3287 est
977 3227 1135 3300 Gaormsr
1162 3237 1193 3288 at
1210 3229 1285 3286 nihil

179 3327 228 3387 hio
251 3329 288 3388 de
311 3328 391 3387 cultu
414 3328 550 3400 deorum,
574 3328 647 3386 nihil
670 3329 706 3386 da
730 3328 870 3387 destituta
893 3328 940 3386 dei
963 3329 1049 3388 unius
1071 3328 1194 3405 verique
1215 3329 1283 3386 reli·

179 3429 275 3506 gione.
301 3429 366 3488 Imo
384 3429 478 3489 altera
495 3427 694 3488 similitudinis
712 3428 789 3486 ratio
807 3427 978 3503 accipienda
995 3437 1054 3501 est,
1074 3447 1180 3506 quam,
1203 3429 1283 3500 refu·

180 3537 244 3588 tata
257 3528 373 3589 Guorrr
384 3529 537 3606 opinione,
551 3529 685 3604 praecise
698 3527 830 3587 definivit
840 3527 996 3587 Hauasra
1010 3530 1106 3604 Apoo.
1120 3528 1166 3602 ΙΙ,
1180 3547 1209 3604 p.
1219 3532 1281 3586 145:

180 3629 250 3700 „die
274 3629 305 3686 in
328 3630 382 3689 das
405 3628 542 3690 Gewand
564 3630 618 3688 der
640 3628 731 3688 Liebe
754 3628 816 3688 siah
838 3627 975 3688 hrillsnde
998 3629 1057 3688 und
1081 3637 1166 3688 unter
1189 3629 1281 3688 ihrem

179 3726 304 3788 Sehaine
320 3728 532 3807 Bsfriedigung
544 3731 597 3790 des
609 3729 731 3807 sigenen
744 3727 884 3790 Geltstes
901 3729 1047 3788 suohende
1063 3727 1281 3790 Selbstsuoht.“

86 3809 90 3819 ¹
179 3827 347 3904 Cogitanda
370 3838 439 3890 sunt
459 3831 550 3907 igitur
568 3831 695 3904 „dolosa
718 3831 837 3890 foedera
854 3830 921 3903 illa,
946 3829 1054 3907 quibus
1079 3829 1154 3890 alius
1179 3839 1282 3906 gentes

178 3929 217 3988 ad
234 3947 266 3988 se
283 3938 492 4005 pertraxerunt
507 3931 628 4007 Assyrii
645 3939 675 3990 et
691 3930 748 3990 sibi
766 3931 885 3990 tandem
902 3931 1123 4003 subiecerunt‚“
1144 3932 1281 4002 Anam,

178 4028 291 4101 Canu,
321 4030 345 4089 I.
363 4030 402 4089 D.
420 4031 530 4103 Mron„
556 4030 696 4102 Kanum,
719 4031 837 4104 Maura,
856 4028 976 4103 Urusa,
997 4031 1087 4088 Hrrz.
1105 4031 1155 4090 all.
1196 4029 1282 4103 Quae

177 4129 382 4206 interpretatio
400 4149 489 4207 quarn
507 4130 546 4190 sit
562 4130 669 4190 idonea
684 4138 714 4190 et
730 4130 815 4188 unios
832 4130 918 4190 simul
936 4129 1133 4201 admittenda,
1158 4129 1280 4188 eoolla·

177 4231 215 4290 tis
232 4251 281 4290 vv.
296 4237 308 4288 l
328 4240 357 4290 et
374 4237 421 4289 4-
432 4237 464 4305 7·,
489 4231 643 4308 magisque
666 4230 754 4290 etiam
772 4249 788 4288 e
805 4229 928 4306 reliquis
945 4247 1049 4288 versus
1068 4228 1164 4288 nostri
1180 4229 1280 4288 verbis

177 4331 250 4390 satis
268 4351 415 4409 superque
432 4340 565 4411 apparet.
593 4331 616 4390 Ι.
630 4330 670 4390 Η.
687 4331 797 4401 Mrem,
815 4329 967 4390 Knuruss.
987 4337 1143 4405 utrumque
1160 4347 1279 4390 sensum
