3124 4988
278 325 376 368 xavrn
627 302 871 361 Pnouaeousns.
898 297 972 356 Car.
991 297 1029 354 11.

278 491 510 554 Dercedatarum
533 487 662 556 familis,
687 505 778 563 penes
802 501 893 561 qnam
915 503 934 541 a
954 480 1035 539 Nino
1053 478 1121 536 inde
1139 485 1168 535 et
1188 469 1384 536 Semiiamide

279 613 394 654 summa
410 609 508 650 rerum
525 589 636 660 fuerat,
655 588 708 645 illo
726 597 860 662 tempore
887 602 953 642 esse
976 581 1138 652 exstincta,
1168 597 1234 636 cum
1259 576 1383 634 Balsio-

278 713 328 752 ras
352 693 473 770 qnidam
498 689 632 747 ultimum
662 705 777 764 regem,
808 703 897 762 quem
925 683 1058 742 Crustas
1087 678 1220 756 appellat
1249 677 1383 748 Beleum,

277 795 421 854 Berosus
437 799 535 850 sutem
548 788 725 859 Beloohum,
743 803 836 862 regno
853 785 971 844 eiiceret
987 791 1017 842 et
1032 799 1131 840 rerum
1144 779 1210 855 ipse
1226 777 1382 853 potiretur.

279 894 341 954 Sub
364 911 443 950 nova
465 901 563 948 autem
580 889 734 965 dynastia,
760 905 837 962 quas
854 886 894 944 ad
911 904 935 944 s.
952 881 1073 940 Vlllum
1087 899 1183 958 usque
1199 879 1384 936 continenter

279 993 430 1070 regnavit,
453 992 526 1048 fines
548 989 681 1064 imperii,
706 987 868 1046 domestico
893 985 955 1042 iere
978 985 1092 1041 ambitu
1115 988 1269 1056 superato,
1293 995 1384 1054 auge-

278 1095 387 1155 bantur
416 1091 553 1167 deinceps
581 1099 671 1166 atque
701 1087 973 1163 amplificabantur,
1005 1083 1100 1141 donec
1130 1100 1166 1139 eo
1195 1081 1385 1156 proiecerant

279 1193 417 1270 Assyrii,
435 1202 469 1252 ut
486 1210 600 1250 summa
618 1190 654 1248 de
671 1190 744 1248 orbe
761 1197 904 1246 terrarum
922 1185 1055 1264 potentia
1071 1183 1241 1260 gauderent.
1273 1180 1384 1240 Primis

280 1303 379 1354 autem
402 1293 485 1350 illinc
507 1290 613 1350 seculis
637 1299 690 1348 aut
715 1289 830 1348 tardius
854 1287 975 1346 omnino
997 1283 1150 1362 progressi
1171 1282 1309 1340 videntur
1331 1289 1385 1338 aut

281 1396 423 1453 orientem
445 1399 559 1452 tantum
582 1409 686 1451 versus
708 1389 843 1448 victricia
864 1387 1025 1464 protulisse
1047 1403 1147 1454 arma3
1177 1401 1273 1457 neque
1295 1382 1383 1452 enim,

282 1495 339 1555 nisi
364 1494 408 1552 ita
424 1501 518 1564 esset,
542 1491 669 1550 Davidis
693 1499 723 1548 et
739 1487 908 1549 Salomonis
932 1505 1054 1563 regnum
1070 1494 1131 1543 tam
1148 1482 1287 1554 feliciter,
1310 1481 1385 1540 nihil

280 1596 356 1672 ipsis
372 1592 608 1669 refragantibus,
627 1591 665 1648 nd
683 1591 865 1667 Euphratem
883 1608 978 1665 usque
1000 1587 1147 1664 potuisset
1171 1583 1280 1661 angeri.
1295 1583 1385 1648 ,Fieri

281 1706 379 1756 autem
396 1713 457 1752 non
473 1701 606 1770 poterat,
632 1692 705 1770 quin
722 1690 921 1750 occidentem¹
939 1708 1059 1767 quoque
1075 1693 1209 1763 peterent
1232 1692 1262 1742 et
1278 1681 1385 1761 Syriae

280 1798 368 1856 etiam
386 1804 416 1854 et
431 1794 620 1854 Palaestinae
636 1811 720 1850 arma
735 1792 893 1862 inferrent,
915 1799 1005 1865 atque
1028 1789 1103 1847 adeo
1126 1787 1165 1846 ad
1182 1785 1385 1845 Israelitarum

280 1898 344 1956 iata
361 1913 541 1971 magnopere
557 1893 747 1968 pertinerent.
776 1891 826 1951 Sic
843 1891 956 1966 primus
981 1890 1127 1957 omniurn,
1150 1888 1176 1945 si
1199 1886 1284 1944 cunei
1305 1893 1385 1943 recte

281 1995 425 2055 enucleati
442 2002 526 2066 sunt,
555 1993 627 2050 Ielru
648 1991 876 2050 bellicosissimo
894 1989 958 2065 regi
974 1990 1033 2062 illi,
1057 1989 1107 2065 qui
1133 1987 1165 2045 in
1182 1993 1282 2046 statua
1298 1984 1385 2043 Nim-

282 2095 402 2154 rudensi
418 2095 515 2152 fastos
532 2111 603 2150 suos
620 2091 779 2167 expressit,
796 2089 1017 2164 Divanubarae,
1035 2089 1116 2147 dona
1128 2087 1287 2164 pertulisse
1304 2086 1385 2144 ride·

281 2193 358 2255 tur'.
383 2198 504 2272 atquo
521 2192 616 2268 magis
633 2192 828 2269 Assyriorum
845 2192 1008 2267 augebatur
1024 2189 1159 2266 potentia
1176 2197 1266 2266 atque
1282 2207 1385 2264 super-

335 2397 360 2454 1)
376 2397 451 2447 Bello
469 2395 583 2444 Troiano
601 2395 767 2445 Memnonem
784 2394 817 2444 ab
836 2396 1002 2458 Assyriorum
1019 2409 1080 2459 rege
1096 2394 1223 2443 Teutamc
1239 2407 1297 2442 cum
1310 2393 1385 2442 auxi·

280 2484 322 2532 liis
339 2483 445 2532 mismm
460 2480 609 2529 interfuisse
625 2481 706 2532 tradit
722 2481 832 2530 Dracon.
849 2479 911 2529 bibl.
929 2479 971 2540 11,
988 2480 1035 2542 ath
1052 2479 1133 2543 quid?
1150 2478 1218 2542 quod
1231 2477 1316 2527 Pasro
1332 2477 1383 2540 leg.

280 2567 337 2628 111,
359 2567 409 2615 685
432 2571 465 2613 ct.
501 2564 643 2614 Troianum
665 2581 772 2628 regnum
794 2564 925 2627 Assyriaci
946 2565 1047 2627 imperii
1070 2558 1173 2630 μόριον
1194 2563 1273 2612 fuisse
1296 2562 1383 2622 docet3

243 2681 250 2701 t
281 2653 424 2702 Assaracus
441 2653 539 2710 autem,
557 2648 654 2698 Priami
672 2649 822 2709 avunculus,
841 2649 932 2698 summi
948 2649 1061 2696 numinis
1078 2663 1172 2697 nomen
1189 2647 1277 2697 refert.
1302 2648 1383 2710 Assy·

281 2737 333 2784 rios
350 2735 455 2784 omuino
473 2733 673 2782 adAsiausrum
689 2734 804 2794 gentium
821 2739 848 2781 et
856 2732 1015 2782 Graecorum
1031 2734 1184 2796 praesertim
1201 2739 1270 2782 artes
1287 2745 1383 2782 mores·

280 2831 331 2880 que
347 2818 546 2866 conformandos
562 2829 719 2879 magnopere
735 2815 902 2880 pertinuisse,
919 2832 976 2866 cum
992 2818 1076 2880 primo
1092 2819 1148 2866 fere
1161 2823 1383 2868 monumentorum

281 2907 386 2965 aspectu
400 2908 536 2966 appareat,
557 2908 612 2949 tum
629 2903 657 2950 in
674 2902 782 2950 clariore
799 2901 883 2951 indies
900 2901 956 2950 lnce
973 2903 1143 2951 constituitur.

333 2987 360 3049 2)
375 2985 478 3035 Nomen
496 2985 579 3047 regis,
595 2987 638 3048 qui
655 2987 834 3048 gravissimum
845 2986 894 3035 hoc
905 2993 1096 3035 monumentum
1108 2989 1208 3051 posuit,
1226 2999 1243 3034 a
1253 2984 1382 3034 ΒΑΜ.

281 3083 348 3120 nuuc
364 3069 533 3119 Diranubara
550 3071 613 3133 legi,
631 3084 648 3119 a
665 3070 776 3121 (duom.
795 3068 983 3131 Shalmsueser,
1001 3085 1079 3136 supra
1095 3073 1252 3133 monuimus3
1270 3069 1383 3118 referan-

281 3159 323 3202 tur
340 3160 426 3202 autem
443 3153 539 3202 XXXI
557 3167 682 3204 annorum
699 3161 785 3218 gesta,
802 3167 868 3217 quae
885 3153 1080 3206 salmanasaro
1105 3157 1229 3222 impertiri
1246 3159 1383 3216 nequeunt,

281 3239 331 3288 nisi
347 3238 415 3288 forts
432 3236 604 3288 Sanheribum
626 3240 741 3302 regulum
759 3245 858 3288 tantum
877 3239 1074 3291 Salmanassaro
1095 3242 1225 3291 subditum
1247 3246 1339 3304 putare
1355 3238 1383 3286 in

281 3324 368 3373 auimo
386 3328 439 3384 est,
461 3323 489 3373 id
506 3324 574 3388 quod
593 3330 689 3374 temere
707 3325 811 3374 admisit
828 3325 1004 3387 Gnormru.;
1027 3326 1174 3390 opinionem
1192 3327 1246 3374 cius
1263 3321 1385 3371 refutarit

280 3407 387 3458 nvem.
411 3406 526 3470 Gotting.
549 3409 664 3472 gelehrte
686 3409 753 3457 Anu.
773 3411 855 3470 1851,
879 3409 919 3459 St.
928 3409 1047 3458 tto-62.
1082 3409 1215 3468 Ceterum,
1242 3405 1384 3471 quicunque

279 3491 330 3540 fult
352 3505 398 3541 rex
420 3492 464 3542 ille
487 3493 572 3554 (quern
594 3493 722 3544 Ruwrrss.
747 3493 857 3542 eundem
880 3507 936 3542 esse
959 3505 989 3540 ac
1011 3489 1181 3551 Deieboram,
1209 3505 1225 3540 a
1246 3490 1383 3541 Maenomo

280 3583 506 3627 commemoratum
523 3581 643 3641 opinatur
659 3577 776 3628 Outlines
793 3594 818 3642 p.
829 3576 934 3637 XXIV)
951 3575 984 3624 de
1002 3581 1086 3624 aetate
1104 3575 1158 3623 sius
1176 3592 1198 3624 c.
1217 3591 1240 3626 a
1260 3577 1311 3626 860
1331 3583 1382 3626 sta·

281 3663 377 3711 tuenda
392 3663 438 3711 rix
456 3661 624 3711 dubitandum
642 3669 694 3722 est,
713 3677 770 3712 eum
781 3661 906 3710 Chaaaila
917 3675 937 3709 s.
949 3660 1060 3720 Hasael,
1076 3659 1297 3712 Damascenorum
1312 3664 1383 3726 prin·

280 3760 353 3811 ceps,
370 3751 446 3806 etque
462 3744 587 3807 Ethbaal,
605 3745 771 3796 Sidoniorum
789 3759 850 3806 rex,
874 3745 1045 3794 nominentur.
1081 3744 1173 3794 Altera
1190 3753 1276 3796 autem
1293 3759 1382 3795 eorum

278 3845 351 3895 pers,
369 3831 413 3890 qui
430 3829 500 3878 dous
516 3829 724 3893 splendidissima
740 3829 878 3880 afferentes
894 3830 1046 3893 pinguntur,
1064 3842 1117 3877 non
1134 3830 1217 3880 solum
1234 3843 1382 3895 expressum

278 3914 454 3963 Israelitarum
475 3913 590 3962 habitum
614 3914 767 3975 ostendunt,
789 3929 877 3964 veram
899 3927 994 3962 nomen
1015 3915 1099 3978 regis,
1127 3927 1143 3964 a
1166 3927 1216 3976 qno
1239 3915 1381 3974 mittuntur,

277 3999 397 4047 Hrsrsrus
415 3997 491 4046 simul
507 4003 533 4046 et
543 3997 671 4048 Rnwtrss.
690 3999 819 4047 affirmant
836 4004 970 4046 exaratum
988 4013 1056 4050 esse:
1077 3999 1184 4062 ,Yahua
1201 4001 1270 4050 tilius
1283 3997 1381 4047 Xhum·

278 4083 369 4146 riya;“
387 4082 435 4132 fuit
452 4082 555 4144 quidem
572 4082 636 4132 Iehu
653 4097 706 4132 non
722 4084 790 4133 filius
808 4080 894 4142 Omri,
913 4081 1114 4149 sedIosaphati‚
1132 4091 1158 4134 et
1173 4089 1255 4149 nepos
1266 4081 1382 4143 Nimshi;

276 4175 304 4216 at
327 4168 394 4216 illius
417 4168 484 4217 forte
506 4167 574 4216 iilius
596 4166 678 4216 dictus
702 4175 754 4230 est,
779 4181 835 4216 cum
858 4166 929 4216 haud
946 4167 985 4216 ita
1000 4168 1081 4218 multo
1098 4176 1157 4233 post
1173 4167 1306 4232 regnando
1324 4179 1381 4214 eum

274 4253 389 4314 excepit;
423 4250 543 4302 Samaria
565 4259 651 4303 autem
678 4253 704 4302 in
728 4251 843 4316 Assyriis
865 4253 947 4302 titulis
970 4252 1036 4302 solet
1065 4251 1189 4316 appellari
1209 4251 1277 4300 Beth
1300 4249 1381 4301 Omri.

275 4336 345 4384 Libri
365 4336 429 4385 ascri
446 4348 572 4398 nusquam
589 4339 701 4399 aliquam
718 4337 793 4387 huius
811 4337 872 4388 iacti
892 4340 1041 4387 memoriam
1059 4337 1193 4400 exhibeam
1212 4342 1299 4384 tamen
1311 4337 1380 4398 cogi·
