3122 5002
283 327 352 399 126
656 327 727 388 cir.
741 329 802 401 111,
826 347 854 388 v.
870 332 979 385 u-rs.

283 531 495 592 saepenumero
513 513 549 572 de
566 512 737 589 pastoribus
754 520 784 570 et
800 511 923 574 ducibus
941 511 1050 572 dictum
1069 531 1209 572 unacum
1238 527 1314 590 aaut,
1331 515 1386 572 cir.

280 617 331 676 Pe.
351 616 444 688 XXI,
462 620 489 673 4.
514 614 571 672 Ies.
589 613 628 685 V,
645 617 687 672 27.
705 613 791 686 LVI,
811 618 859 685 103
882 621 987 672 notare
1004 613 1081 672 solet
1096 613 1302 674 lassitudinem
1319 634 1386 674 cum

284 736 389 776 somno
404 721 624 792 comparatam,
638 732 727 790 quam
746 711 856 772 Graeci
868 714 942 772 bene
952 713 1144 774 reddiderunt
1154 735 1184 773 v.
1196 707 1368 790 νυστάζειν
1373 735 1384 787 ,·

283 836 376 895 quare
392 817 449 874 hoc
466 833 585 892 quoque
601 815 668 872 loco
686 833 796 872 meram
814 813 1022 891 negligentiam
1045 823 1075 873 et
1097 814 1301 876 lassitudinem
1321 817 1386 892 ple-

281 917 368 994 rique
389 936 443 992 per
466 915 562 974 somni
586 915 806 974 similitudinem
828 915 1023 991 significatam
1048 926 1239 991 acceperunt,
1268 937 1316 976 ex.
1338 936 1384 994 gr.

282 1018 392 1090 Mrem,
411 1016 750 1088 Kaumsur,·Kunuu.,
767 1015 869 1074 Maura
887 1015 953 1087 all3
972 1023 1091 1074 atvero
1109 1035 1175 1074 cum
1193 1037 1281 1076 versu
1297 1037 1385 1092 prae·

282 1118 403 1176 cedente
420 1117 509 1176 duces
525 1117 614 1192 plane
631 1117 792 1176 habeamus
810 1116 973 1176 exstinctos
998 1123 1087 1192 atque
1110 1116 1244 1178 funditus
1261 1119 1385 1190 deletos,

279 1219 452 1295 languidum
474 1235 654 1293 magnopere
676 1224 769 1289 esset,
789 1216 814 1275 si
838 1235 936 1276 merus
952 1216 1013 1274 iam
1043 1235 1165 1276 somnus
1187 1227 1217 1277 et
1238 1218 1385 1278 lassitudo

284 1319 447 1378 adderetur.
472 1317 544 1376 Alia
569 1326 614 1377 est
635 1324 748 1391 autem,
779 1335 872 1394 eaque
889 1317 977 1394 longe
999 1316 1108 1375 fortior
1137 1317 1314 1392 similitudo,
1344 1319 1385 1376 ad

283 1439 373 1497 quam
390 1418 568 1478 transfertur
584 1419 723 1491 verbum,
742 1417 847 1476 mortis
865 1417 948 1490 dico,
966 1417 1009 1476 uti
1025 1417 1151 1478 hahetur
1167 1419 1220 1480 Ps.
1237 1420 1333 1492 XIII,
1354 1425 1383 1478 4.

283 1519 431 1592 LXXVI,
449 1524 482 1591 63
500 1519 558 1578 Ier.
574 1519 631 1592 LI,
649 1523 692 1578 39.
710 1522 759 1590 573
783 1537 908 1594 eamque
923 1526 1003 1577 recte
1019 1525 1185 1578 statuerunt
1200 1520 1383 1591 Tunonoa,

283 1619 436 1678 Hussnuu.
461 1620 622 1680 Pastorum
638 1628 736 1680 autem
753 1619 910 1696 imaginem
927 1637 1070 1695 persaepe
1092 1620 1248 1679 transferri
1272 1621 1310 1680 ad
1331 1639 1386 1680 eos

281 1730 414 1794 constat,
433 1739 558 1798 quorum
583 1740 671 1779 curae
693 1720 821 1796 populus
844 1720 1038 1796 permittitur,
1061 1720 1114 1778 cfr.
1132 1721 1188 1781 les.
1205 1721 1316 1794 XLIV,
1333 1724 1385 1791 283

282 1822 384 1881 Micha
400 1822 438 1894 V,
455 1827 473 1880 4
489 1822 539 1880 all.
565 1821 721 1881 Masoulini
747 1821 863 1896 generis
887 1822 1012 1893 suffixa,
1041 1820 1183 1879 feminina
1211 1823 1271 1880 iam
1304 1821 1385 1882 exci-

282 1922 408 1998 pientia,
433 1922 606 1980 nominatim
629 1921 780 1998 appellato
798 1939 862 1996 rapo
879 1921 1014 1996 Aaasttoa
1036 1921 1233 1996 explicantur.
1264 1939 1385 2000 mutua,

281 2022 444 2099 magnifici,
470 2041 608 2098 proceres
626 2024 678 2082 cfr.
694 2022 743 2094 11,
761 2026 795 2094 7,
823 2032 892 2081 sunt
908 2021 1039 2098 proximi
1057 2041 1076 2080 a
1093 2039 1178 2098 rege,
1205 2023 1256 2101 qui
1279 2022 1384 2098 populi

282 2122 454 2200 colligendi,
480 2122 659 2195 instruendi,
685 2122 805 2197 regendi
827 2140 929 2181 curam
953 2122 992 2180 ad
1016 2141 1067 2180 eos
1085 2123 1199 2182 detulit.
1226 2123 1293 2198 Quo
1315 2123 1383 2182 loco

282 2221 730 2296 collato‚vixcumG1env10‚
754 2223 874 2294 Meum,
898 2222 988 2280 Hmz.
1012 2241 1134 2297 caprum
1157 2225 1256 2300 gregis
1281 2224 1382 2282 ducem

281 2323 495 2400 intelligemus,
524 2337 595 2398 tuum
618 2339 688 2384 nuru
716 2323 818 2382 Ierem.
843 2323 944 2396 XXV,
969 2326 1012 2382 34.
1051 2337 1111 2399 1³11)
1139 2324 1275 2384 Hrusou'.
1297 2341 1382 2400 proe-

282 2425 422 2501 gnantius
440 2423 567 2482 reddidit
584 2422 813 2498 „sepelientur.“

283 2553 284 2558 ¹
334 2539 412 2590 umus
433 2527 551 2600 disparsi
567 2533 648 2595 aaut,
665 2523 686 2581 f.
703 2523 755 2583 Ni.
773 2524 858 2582 unica
869 2525 1004 2584 hocloco
1017 2525 1122 2598 obvia,
1140 2525 1249 2602 plurali
1261 2543 1382 2583 numero

283 2625 468 2684 coniunctum
486 2643 551 2686 cum
574 2624 649 2700 sing.
670 2640 753 2704 aas,
777 2626 857 2703 quod
882 2633 991 2684 temere
1013 2627 1148 2684 nonnulli
1172 2627 1210 2686 ad
1236 2625 1383 2686 exercitus

281 2726 434 2784 notionem
449 2725 647 2801 restringunt,
666 2734 700 2784 ut
717 2734 836 2784 notetur
855 2726 1001 2802 populus,
1024 2746 1116 2786 unum
1134 2745 1170 2784 eo
1190 2745 1285 2803 usque
1310 2745 1383 2803 quo-

282 2826 441 2884 dammodo
459 2843 583 2902 corpus,
600 2825 660 2883 iam
678 2825 807 2885 disiectis
830 2826 970 2886 memhris
991 2827 1104 2887 fractus
1126 2827 1223 2886 iacere
1245 2827 1383 2904 (Horu).

283 2925 417 2984 Eandem
439 2926 515 2984 hanc
536 2925 635 3001 gregis
658 2925 809 3001 dispersae
829 2926 1049 2988 similitudinem
1071 2927 1383 3004 legimusinstitutam

283 3025 374 3084 Num.
393 3025 528 3098 XXVII,
547 3029 562 3082 7
569 3045 578 3098 3
604 3025 705 3102 lReg.
723 3026 836 3098 XXII,
856 3031 904 3098 173
930 3025 1017 3088 Sach.
1035 3028 1130 3102 XIH,
1149 3033 1175 3086 7.
1203 3031 1314 3088 Montes
1330 3046 1384 3103 ap·

283 3127 446 3203 pellantur,
464 3126 495 3186 iu
513 3126 620 3203 quibus
636 3127 775 3186 trucidati
792 3128 904 3204 passim
921 3128 1053 3202 iaceant,
1072 3129 1143 3206 quia
1159 3149 1197 3188 ex
1214 3128 1338 3206 planitie
1355 3137 1385 3186 et

283 3227 485 3306 magnitudine
500 3228 648 3300 locorum,
666 3229 719 3286 ubi
734 3228 845 3286 nullum
858 3229 944 3287 datur
957 3229 1119 3307 refugium,
1136 3231 1167 3288 in
1178 3229 1288 3290 inculta
1300 3247 1383 3288 mon·

285 3328 358 3388 tium
386 3336 415 3386 et
443 3328 619 3388 convallium
648 3329 834 3388 securitatem
862 3328 962 3390 miseri
983 3330 1028 3388 illi
1051 3331 1257 3406 confugerant3
1288 3338 1320 3388 at
1340 3329 1384 3388 ibi

285 3429 373 3492 etiam
390 3429 629 3505 persequentium
650 3429 784 3488 manibus
802 3429 880 3488 oaesi
898 3440 974 3490 sunt.
1001 3429 1190 3490 Consimilem
1207 3430 1384 3491 senteutiam

284 3528 448 3588 exhibitam
464 3528 589 3605 legimus
610 3529 641 3586 in
658 3530 812 3606 praeclaro
830 3529 994 3591 Ezechielis
1011 3532 1126 3591 cantico
1145 3532 1182 3594 de
1197 3538 1383 3609 praeteracto

283 3629 369 3703 regni
381 3629 536 3705 Assyrisci
553 3629 727 3706 splendore,
746 3649 771 3688 e.
789 3629 899 3688 XXXI
906 3652 920 3704 3.
935 3631 985 3690 ubi
998 3633 1096 3693 Assur
1112 3641 1301 3708 comparatur
1317 3651 1384 3692 cum

285 3729 384 3800 cedro,
398 3736 427 3786 et
439 3730 621 3804 praestantia
635 3730 697 3790 eius
709 3739 738 3789 et
751 3731 968 3806 magnificentia
979 3731 1098 3791 uberius
1111 3733 1259 3809 descripta
1272 3753 1300 3792 v.
1308 3737 1347 3789 l-
1355 3737 1382 3805 9,

286 3829 419 3905 sequitur
435 3829 549 3888 eversio
567 3837 596 3887 et
613 3828 771 3888 destructio
790 3850 818 3889 v.
828 3835 934 3904 11-173
952 3851 1012 3910 quo
1030 3833 1061 3890 in
1078 3851 1185 3910 genere
1201 3833 1281 3892 cauit
1297 3853 1325 3892 v.
1335 3836 1382 3890 12:

286 3928 338 4001 „in
355 3927 503 3987 montibus
526 3937 555 3988 et
577 3929 713 3990 omnibus
744 3931 929 3992 convallibus
951 3933 1117 3992 ceciderunt
1139 3935 1214 3994 rami
1242 3935 1321 4006 eius,
1353 3942 1383 3991 et

285 4028 428 4086 confracti
462 4037 531 4088 sunt
564 4029 673 4089 surculi
701 4031 763 4091 eius
790 4032 821 4089 in
849 4033 985 4094 omnibus
1014 4033 1087 4092 rivis
1111 4043 1207 4093 terrae
1241 4038 1301 4094 ut.“
1330 4033 1381 4092 ef.

285 4128 425 4201 XXXII,
438 4133 487 4187 22:
512 4129 575 4203 „ibi
591 4129 695 4210 (iacet)
711 4133 809 4191 Assur
826 4141 855 4190 et
872 4133 968 4193 omnis
990 4133 1146 4193 multitudo
1169 4135 1247 4208 eius,
1270 4135 1302 4192 in
1326 4134 1382 4192 cir·

286 4229 365 4286 cuitu
382 4229 445 4288 eius
462 4230 597 4306 sepulcra
614 4249 731 4305 eorum3
757 4251 859 4292 omnes
883 4235 1032 4310 percussi,
1056 4235 1107 4314 qui
1130 4236 1297 4296 ceciderunt
1319 4236 1382 4311 gla-

285 4329 366 4387 dio.“
384 4361 418 4370 —
438 4343 522 4404 papa
545 4344 619 4409 piar,
646 4351 694 4392 nce
713 4344 754 4392 eat
778 4339 828 4408 pot
851 4336 964 4409 collium
987 4336 1142 4408 disiectos,
1165 4337 1265 4396 ovium
1287 4336 1383 4396 instar
