3124 4988
274 351 314 391 nx
602 317 862 388 'Paonncorrana
890 326 962 386 Car.
981 326 1021 385 ΙΙ.

276 531 345 589 ceps
362 533 401 570 ex
410 515 571 591 Aethiopia
588 513 744 585 oriundus,
763 531 827 570 cum
845 509 1011 570 recentibus
1029 508 1123 583 copiis
1141 510 1259 589 obviam
1279 511 1306 569 ei
1323 531 1377 586 ap·

275 614 490 691 propinquaret
498 615 516 674 ¹.
543 613 647 690 Captis
664 613 754 689 igitur
770 612 898 671 Iudaeae
914 610 987 670 locis
1004 608 1144 682 munitis,
1168 610 1329 670 Tartauem
1348 619 1378 670 ei

276 714 494 786 Rabaobaken,
513 733 658 773 summum
670 713 858 788 pincernam,
877 719 906 769 et
918 709 1093 781 Rabsarim,
1108 710 1272 786 principem
1286 731 1377 769 ennu-

277 813 427 886 chornmf,
452 814 664 890 Hierosolyma
687 812 781 885 misit,
806 820 839 870 ut
856 811 1034 870 deditionem
1054 808 1376 886 urbisexposcerent³3

279 913 346 992 qui,
365 933 430 971 cum
443 912 568 972 Hiskias
584 913 675 972 verbo
693 911 794 971 divino
811 930 865 987 per
876 911 1003 970 lesaiam
1026 908 1106 967 facto
1129 911 1378 969 commonefactus

279 1021 449 1072 constanter
471 1021 624 1090 negasset,
649 1013 688 1071 ad
706 1010 900 1072 Sanhcribum
924 1009 1049 1081 reversi,
1072 1009 1200 1068 Libnam
1223 1010 1283 1069 iam
1307 1029 1377 1086 pro-

279 1113 387 1172 fectum
404 1113 586 1172 invenerunt.
616 1112 684 1171 Rex
702 1111 913 1189 Hierosolyma
936 1128 1039 1170 versus
1062 1117 1161 1170 castra
1177 1111 1279 1169 movit.
1314 1112 1377 1168 lam

279 1213 370 1290 igitur
387 1214 425 1272 ad
443 1232 588 1272 summurn
610 1213 766 1272 discrimen
793 1212 892 1270 omnia
913 1211 1043 1287 undique
1065 1211 1239 1286 vergebant:
1265 1210 1379 1269 Iudaici

279 1313 363 1389 regni
387 1321 536 1372 extremus
560 1313 620 1370 iam
644 1313 707 1372 dies
730 1313 792 1371 sine
814 1312 876 1370 ulla
900 1311 1083 1369 dubitatione
1099 1311 1246 1368 humanae
1270 1310 1379 1368 rationi

281 1413 436 1471 videbatur
448 1413 578 1471 venisse:
592 1421 680 1488 capte
692 1414 781 1484 urbe,
801 1412 920 1488 Assyrii
933 1411 1043 1486 ingenti
1056 1410 1222 1485 praesidio,
1240 1419 1305 1469 tota
1316 1411 1380 1468 fere

281 1513 374 1584 Asia,
398 1512 559 1585 sublevati,
586 1512 665 1569 baud
682 1511 775 1569 multo
792 1510 894 1568 labore
912 1511 1045 1569 Africam
1063 1528 1182 1587 qnoque
1204 1511 1304 1587 gladio
1327 1529 1379 1568 ex·

281 1613 382 1688 pedire
398 1630 489 1688 posse
501 1612 624 1687 putandi
638 1619 721 1670 erant
737 1644 774 1654 -»
792 1619 823 1669 at
835 1611 982 1669 Dominus
994 1611 1079 1669 aliter
1092 1610 1292 1670 constituerat.
1310 1609 1381 1670 Una

281 1721 367 1772 nocte
383 1710 544 1770 maximam
567 1711 703 1772 immensi
725 1711 871 1771 exercitus
897 1719 1011 1786 partem
1029 1711 1072 1768 ita
1088 1710 1229 1786 perculit,
1247 1719 1294 1784 ut,
1319 1730 1380 1788 quo

281 1812 423 1890 reliquias
442 1820 588 1885 servaret,
607 1812 702 1871 effusa
717 1811 790 1886 fuga
807 1811 926 1868 domum
943 1811 1052 1869 rediret
1068 1829 1170 1884 mane,
1189 1811 1239 1888 qui
1259 1829 1381 1887 vespera

281 1913 370 1972 etiam
388 1913 470 1972 orbis
487 1919 631 1970 terrarum
649 1911 786 1970 dominos
804 1929 869 1970 esse
885 1909 1070 1969 videbatur⁴.

333 2011 455 2072 Summa
476 2013 532 2070 hac
557 2011 788 2088 omnipotentiae
812 2009 929 2068 divinae
960 2010 1199 2070 manifestatione
1221 2011 1340 2087 Assyrii
1363 2032 1382 2069 a

281 2112 402 2188 fastigio
426 2111 539 2187 gloriae
561 2121 591 2170 et
607 2110 764 2186 potestatis
788 2109 886 2169 subito
904 2110 1008 2169 deiecti
1030 2120 1106 2170 sunt.
1133 2112 1194 2168 vix
1212 2111 1289 2170 enim
1306 2113 1383 2170 hanc

281 2221 456 2288 acceperant
468 2211 598 2280 cladem,
616 2229 682 2271 cum
693 2210 791 2270 Medi⁵
807 2211 978 2283 deficerent,
997 2229 1108 2288 eosque
1118 2211 1279 2288 Babylonii
1292 2212 1382 2270 aliae·

279 2413 403 2464 indictam
426 2427 497 2478 esse,
521 2429 577 2464 eum
599 2414 729 2465 Tirrbaira
750 2429 807 2465 cum
829 2414 941 2476 maiore,
962 2419 991 2463 ut
1016 2414 1129 2476 videtur,
1153 2414 1266 2464 exercitu
1290 2429 1381 2479 appro-

280 2500 423 2562 pinquaret.

333 2584 358 2646 1)
374 2581 427 2632 Cfr.
446 2581 532 2644 2Reg.
550 2581 631 2644 XIX,
649 2583 673 2632 9.

333 2667 360 2728 2)
376 2667 417 2716 De
434 2666 515 2715 tribue
532 2667 678 2716 muneribus
696 2667 748 2716 illis
765 2667 810 2715 cfr.
828 2665 890 2716 Bou.
903 2667 920 2715 1.
934 2667 950 2716 l.
963 2683 987 2731 p.
1000 2667 1057 2717 149.
1070 2666 1382 2718 namurcensem.

333 2749 360 2810 3)
378 2747 434 2810 Quo
452 2751 509 2798 loco
529 2751 630 2812 Assyrii
648 2757 733 2800 castra
749 2756 902 2814 posuerunt,
920 2757 980 2798 ante
997 2751 1222 2814 septentrionalem
1237 2751 1306 2801 urbis
1323 2765 1382 2814 par·

283 2840 350 2893 tem,
368 2831 436 2894 apud
458 2837 576 2894 stagnum
591 2834 720 2896 superius,
738 2834 807 2882 unde
824 2835 884 2884 urbs
901 2836 1045 2899 impugnari
1064 2841 1171 2898 poterat,
1191 2837 1310 2898 quoniam
1328 2841 1383 2884 arte

282 2915 319 2966 ibi
343 2914 442 2965 facilius
464 2919 564 2963 tanturn
585 2930 632 2965 neo
654 2923 747 2964 natura
769 2920 868 2966 mnnita
885 2930 940 2967 erat
957 2945 991 2956 -
1008 2920 1032 2969 ei
1048 2920 1150 2969 Iossrm
1172 2921 1248 2968 etiam
1267 2926 1382 2982 tempore

283 3013 377 3049 nomen
399 3003 467 3048 erat:
491 3004 577 3047 castra
593 3000 759 3061 Assyriorum
778 2999 948 3069 (παρεμβολή
968 3002 1023 3053 τῶν
1037 2999 1198 3067 Ἀσσυρίων)
1219 3003 1264 3052 cfr.
1281 3002 1384 3053 Iosnrrn

283 3083 317 3132 de
334 3082 365 3132 B.
377 3083 399 3132 Ι.
416 3082 450 3143 V,
463 3082 493 3143 7,
506 3083 535 3143 23
552 3081 586 3143 V,
600 3084 643 3143 12,
657 3085 681 3131 2.
698 3083 744 3132 cfr.
762 3085 805 3134 W.
818 3085 920 3136 Knarrr
932 3087 1113 3151 Topographie
1130 3086 1237 3136 Ierosal.
1256 3103 1280 3151 p.
1294 3087 1352 3136 139.

334 3168 361 3230 4)
377 3165 467 3217 ΒΜ.
485 3164 554 3215 Outl.
571 3180 596 3229 p.
608 3166 757 3216 XXXVII:
778 3168 851 3230 ,The
868 3177 955 3220 events
973 3171 1004 3220 of
1017 3171 1061 3220 the
1086 3171 1172 3221 fourth
1189 3185 1252 3233 year
1274 3169 1304 3219 of
1319 3168 1383 3219 Sen-

284 3250 403 3302 nacherib
420 3255 557 3315 presente
573 3249 704 3300 marked
722 3257 871 3303 contrast
887 3259 914 3303 to
932 3255 976 3304 the
993 3254 1105 3305 detailed
1123 3254 1175 3305 and
1191 3255 1384 3318 magniloquent

284 3336 452 3399 descriptione
464 3335 494 3384 of
508 3333 552 3383 the
569 3334 705 3399 preceding
722 3337 837 3401 periods;
856 3337 917 3402 they
933 3352 978 3388 are
995 3339 1113 3389 confined
1130 3345 1158 3388 to
1177 3353 1194 3388 a
1210 3341 1262 3389 few
1280 3351 1384 3402 meagre

284 3420 364 3480 lines,
384 3418 435 3467 and
452 3418 519 3467 refer
536 3419 693 3481 exclusively
710 3425 737 3468 to
755 3434 788 3469 an
806 3422 954 3485 expedition
967 3425 1068 3486 against
1080 3422 1123 3471 the
1139 3421 1316 3471 chaldeee‘
1336 3428 1384 3484 ct.;

284 3503 1202 3566 commemoraturpraeterea,quodMerodaehumBaladanum,
1215 3506 1384 3569 quamprimo

284 3585 381 3635 dodum
392 3599 461 3636 anno
473 3585 639 3648 debellasset,
656 3587 748 3635 iterum
766 3589 933 3652 subiugasset.
952 3617 985 3626 —
1003 3589 1123 3640 Ceterum
1135 3589 1162 3636 in
1174 3589 1320 3638 enarranda
1336 3589 1385 3639 hac

284 3670 368 3732 quarti
391 3670 452 3718 anni
472 3668 634 3731 expeditione
656 3685 737 3736 genus
761 3673 890 3735 quoddam
920 3674 1022 3723 dicendi
1051 3675 1194 3736 invenitur,
1223 3673 1293 3737 qnod
1322 3675 1384 3722 satis

284 3765 437 3816 magnopere
454 3751 645 3804 similitudinem
662 3757 741 3808 refert
758 3771 798 3806 vr,
807 3756 876 3807 Nah.
888 3757 945 3818 III,
958 3759 988 3805 17
996 3777 1002 3806 r
1023 3757 1084 3820 ,My
1097 3764 1184 3823 troops
1198 3756 1310 3823 pursued
1321 3757 1385 3818 him,

283 3834 329 3883 but
345 3834 378 3883 he
396 3833 465 3883 flead
481 3847 566 3898 away,
583 3838 635 3887 and
651 3839 691 3890 bis
709 3841 780 3905 place
798 3855 854 3890 was
872 3845 918 3888 not
935 3840 1045 3902 found,“
1065 3841 1110 3891 cfr.
1130 3851 1201 3900 viii
1224 3829 1277 3900 sebi
1301 3849 1383 3899 'iiiii

285 3923 390 3984 11311313.

334 4000 360 4063 ὃ)
376 4000 418 4051 De
436 4007 550 4067 tempore
567 4021 618 4069 quo
629 4009 716 4060 Medi
734 4010 931 4070 defecerint,
951 4025 989 4058 vv.
1003 4009 1046 4060 dd.
1059 4013 1202 4062 sententiae
1214 4012 1276 4061 satis
1288 4009 1383 4058 discre-

284 4091 360 4150 paut3
379 4085 411 4134 ab
424 4086 482 4136 aliis
495 4092 628 4154 statuitur,
646 4107 669 4142 a.
682 4095 731 4145 753
741 4094 803 4142 iilud
814 4092 951 4154 accidisse,
969 4108 983 4142 e
1001 4097 1091 4158 quibus
1101 4097 1263 4145 nominamus
1272 4092 1384 4141 Nmaun·

283 4183 349 4231 mor,
367 4171 529 4234 maximeque
541 4172 696 4225 Bumnrsrun
707 4179 751 4239 qui
762 4179 900 4227 novissime
917 4178 984 4228 hanc
1002 4180 1148 4243 opinionem
1167 4182 1284 4228 accurate
1296 4173 1385 4224 defen·

284 4253 336 4316 dit3
361 4255 418 4304 aliis
438 4261 497 4318 post
519 4257 617 4308 cladem
641 4257 791 4324 Sanhcribi,
815 4277 839 4312 a.
858 4264 908 4313 714
925 4261 1020 4312 facturn
1039 4277 1093 4314 esse
1108 4262 1217 4322 videtur,
1235 4260 1303 4308 inter
1319 4271 1384 4321 qnos

283 4351 456 4402 nuncupamus
479 4337 631 4404 Vrrnmoar,
655 4343 826 4407 Hurrrnnrun,
849 4347 1012 4397 Duroniam.
1053 4348 1092 4397 Ac
1115 4343 1189 4394 nobis
1212 4341 1315 4406 quidem
1336 4341 1386 4392 hoc
