3124 4988
273 319 399 364 xxxviii
624 303 870 360 Pnounoounrn.
896 301 969 360 One.
987 301 1026 359 II.

277 505 478 548 manassarem
496 485 643 544 nominari
660 484 824 557 contendit,
848 501 891 542 un
909 482 1049 544 Snmcu¹
1075 490 1173 542 autem
1191 481 1309 542 Sardon
1333 486 1382 543 vel

276 587 555 657 Assarheddonem,
579 583 783 644 Georurnrn.
800 583 1080 662 Nebopolessarum
1090 581 1115 655 ²,
1135 603 1172 642 ue
1189 583 1285 643 dicam
1301 585 1382 643 Lun-

278 686 376 748 znro⁸
397 685 586 762 interpretari
611 685 851 762 Kyniladnnum3
879 705 968 762 porro
986 705 1041 742 rex
1057 683 1125 755 ille,
1153 684 1205 760 qui
1228 685 1382 743 celeberri·
1406 719 1409 723 ·

278 808 358 848 mam
375 795 504 848 statuam
521 784 749 844 Nimrudensem
766 786 931 860 inscripsit,
950 806 969 844 e
986 786 1143 844 Rnwmus
1161 785 1312 844 ferebatur
1328 805 1382 861 ap·
1456 819 1463 830 ·

278 888 385 964 pelleri
402 885 614 964 Temen-berb
633 886 679 944 oui
697 886 863 961 nuperrime
880 886 1021 961 praetulit
1037 904 1144 943 nomen
1158 885 1354 944 Divauubara
1362 885 1382 957 ⁵,

280 1008 299 1047 a
316 986 456 1047 Gnornr.
475 995 573 1046 autem
589 986 697 1062 legitur
714 984 958 1057 Shalmaneser⁶3
976 995 1005 1046 et
1016 984 1234 1058 Israelitarum,
1252 995 1286 1044 ut
1302 987 1382 1044 vide·

281 1097 344 1160 tur,
368 1088 547 1164 principem,
578 1087 629 1162 qni
653 1087 731 1146 dona
752 1087 816 1163 regi
836 1087 1030 1163 Assyriorum
1055 1086 1181 1144 efferens
1203 1086 1383 1162 imaginibus

281 1189 324 1246 ibi
341 1188 491 1264 expressis
508 1187 670 1258 inducitur,
694 1188 851 1246 Rnwums
871 1187 958 1246 simul
975 1195 1005 1245 et
1020 1187 1131 1246 Hunno.
1150 1186 1300 1245 affirment
1316 1205 1383 1246 esse

281 1289 388 1360 Iahue,
419 1289 511 1348 filium
537 1287 741 1364 Khumriya²‚
771 1287 910 1346 Guorur.
938 1296 1035 1346 eutem
1060 1287 1151 1360 Iuah,
1174 1287 1267 1346 filium
1289 1285 1385 1346 Ubri⁸

281 1388 311 1462 (t
324 1389 399 1464 Reg.
418 1388 540 1459 XVIII,
560 1391 592 1446 18
606 1389 670 1465 ss).
765 1465 769 1472 ἢ

333 1488 418 1562 Quae
435 1507 499 1546 cum
518 1488 606 1546 sitin
623 1489 757 1547 eruendis
785 1488 1010 1564 inscriptionum
1035 1487 1188 1547 sententiis
1213 1487 1384 1563 discrepan-

282 1588 339 1660 tie,
358 1597 457 1648 temen
473 1589 510 1646 de
526 1589 664 1648 universo
682 1609 781 1646 earum
801 1599 973 1665 argumento
991 1581 1087 1646 minus
1104 1587 1181 1646 inter
1196 1607 1228 1646 se
1241 1588 1386 1648 dissident

283 1707 373 1766 quam
390 1689 428 1747 de
443 1705 546 1764 regum
563 1689 745 1762 nominibus,
770 1697 799 1748 et
821 1689 969 1748 indefesso
994 1689 1113 1747 illorum
1131 1689 1229 1747 studio
1247 1699 1277 1747 et
1293 1708 1386 1763 opera

283 1789 394 1848 foetum
412 1797 471 1862 est,
489 1797 522 1848 ut
539 1789 592 1848 alii
609 1790 735 1848 aliorum
752 1789 934 1865 argumentis
947 1803 976 1847 et
987 1789 1153 1848 rationibus
1166 1789 1303 1865 religiose
1317 1808 1386 1864 per·

283 1889 384 1964 pensis
402 1889 490 1946 modo
506 1891 593 1962 haec,
612 1890 700 1947 modo
718 1889 771 1948 ille
788 1887 1023 1960 concesserint⁹;
1047 1908 1100 1948 uec
1127 1897 1235 1947 temere
1252 1889 1386 1948 videmur

284 2007 405 2064 sperare
421 1989 501 2060 fore,
525 1997 558 2048 ut
575 2008 634 2065 quo
658 1989 786 2064 amplior
810 1989 1035 2064 inscriptionum
1058 1989 1215 2048 multitudo
1241 2011 1257 2048 e
1282 2009 1386 2048 monu-

284 2089 407 2162 mentis,
426 2107 503 2164 quue
520 2089 567 2146 vel
583 2098 701 2164 reperta
718 2089 826 2148 dudum
844 2098 913 2148 suut
929 2089 976 2147 vel
993 2109 1108 2149 summe
1120 2091 1384 2167 Francogsllorum

284 2198 315 2248 et
331 2189 498 2266 Anglorum
515 2189 650 2264 impensa
668 2208 759 2266 opera
776 2189 872 2248 indies
890 2189 1084 2263 effodiuntur,
1102 2191 1213 2266 publici
1230 2192 1385 2268 paullatim

282 2289 363 2349 fecte
379 2289 453 2348 iuris
471 2297 500 2348 et
515 2289 646 2348 virorum
664 2289 817 2349 doctorum
834 2291 963 2349 examini
979 2291 1069 2351 fuerit
1085 2291 1231 2364 subiecta,
1255 2311 1290 2350 eo
1313 2310 1381 2368 gra·

284 2389 406 2448 vissima
421 2390 494 2450 haec
510 2389 667 2466 disciplina
688 2392 728 2450 ad
751 2391 904 2450 certiorem
931 2391 1027 2450 indies
1049 2392 1194 2450 rationem
1219 2393 1381 2452 coniunctis

286 2489 398 2548 viribus
420 2491 606 2566 perducetur.
639 2489 689 2554 Sic
714 2492 806 2550 multa
829 2492 931 2568 utique
956 2493 1009 2548 lux
1035 2493 1169 2552 obscuris
1193 2493 1388 2570 Assyriorum

285 2590 373 2649 rebus
390 2590 510 2650 debebit
526 2591 678 2663 accedere,
694 2591 722 2650 si
741 2593 860 2668 quando
872 2593 966 2667 probe
977 2592 1088 2650 fuerint
1099 2593 1293 2670 investigate,
1312 2613 1389 2670 quae

285 2689 314 2746 in
332 2689 459 2764 publicis
475 2709 578 2766 regum
595 2691 705 2750 tabulis
722 2709 777 2750 suo
795 2692 896 2750 ordine
914 2692 1084 2768 dispositis,
1104 2713 1196 2770 nuper
1213 2715 1232 2754 a
1247 2695 1388 2770 Lnyerdo

285 2789 410 2862 repertis
421 2787 452 2858 ¹⁰,
467 2797 496 2847 et
507 2808 583 2864 quse
597 2791 628 2848 in
640 2791 730 2865 regiis
742 2792 921 2852 catacumbis
931 2793 1020 2851 modo
1032 2793 1155 2853 detectis
1166 2793 1187 2826 ¹¹
1201 2795 1389 2854 eontinentur

286 2887 459 2963 perscripta.

285 3047 488 3061 ,.-....-.-....

338 3151 363 3212 1)
379 3148 462 3199 Notes
479 3163 522 3197 sur
539 3149 577 3196 les
594 3164 667 3199 nome
685 3151 730 3201 des
746 3155 799 3204 ruis
812 3156 950 3219 Assyriene
967 3155 1065 3222 publice
1084 3173 1131 3222 pur
1143 3158 1192 3207 Mr.
1206 3158 1320 3206 minin.
1341 3155 1389 3205 cir.

286 3233 373 3284 Revue
391 3231 585 3298 erchbologique
604 3235 762 3299 1849-50,
782 3255 806 3302 p.
818 3241 868 3289 773
881 3255 915 3289 ss.

337 3319 363 3380 2)
380 3317 434 3368 cn.
450 3317 549 3368 Boron
566 3334 589 3382 p.
601 3319 664 3383 3793
683 3323 740 3372 coll.
760 3322 872 3374 (1110111.
890 3325 1167 3378 Tributrerneichnisse
1186 3328 1266 3390 1122.

337 3401 363 3462 3)
380 3401 478 3452 Etudes
494 3419 538 3453 sur
558 3405 596 3454 les
619 3406 780 3471 inscriptions
797 3411 967 3471 Assyrieunes
992 3413 1025 3460 de
1048 3411 1207 3473 Persepolis,
1232 3407 1389 3460 Khnrsabad

286 3490 318 3534 ct.
337 3497 363 3546 p.
376 3486 433 3534 184.

336 3569 362 3629 4)
380 3569 433 3619 Ofr.
451 3572 633 3635 Commeutury
650 3574 725 3636 p30.

337 3651 363 3712 5)
380 3653 434 3704 cn.
453 3653 570 3706 Outlines
588 3673 611 3720 p.
624 3657 725 3706 XXIV.
827 3671 829 3674 ·

336 3735 363 3797 6)
380 3736 432 3786 Cir.
450 3740 552 3803 Aulege
569 3741 623 3788 und
639 3741 796 3804 Zerstorung
815 3741 861 3790 der
878 3741 1001 3795 Gebinde
1019 3759 1051 3795 uu
1067 3743 1179 3796 Nimrud
1196 3764 1221 3813 p.
1234 3750 1259 3798 9.

337 3821 363 3884 7)
380 3821 431 3872 cfr.
449 3824 545 3874 Athen.
560 3825 640 3886 1851,
658 3825 797 3887 1101274,
815 3839 841 3887 p.
858 3827 917 3876 357.
935 3829 1053 3892 Literery
1071 3831 1180 3882 Gazette
1199 3833 1274 3896 1851,
1291 3849 1315 3897 p.
1329 3833 1389 3884 257.

337 3905 362 3968 8)
379 3907 431 3958 cu.
450 3907 727 3958 Tributverzeiehnisse
744 3922 769 3970 p.
783 3911 825 3959 32.
843 3911 885 3960 38.

337 3990 363 4052 0)
381 3989 433 4040 cfr.
447 4007 486 4040 ex.
499 4006 536 4054 gr.
553 3992 737 4042 Transactions
755 3993 785 4042 of
799 3994 843 4044 the
859 3993 957 4046 British
971 3999 1134 4052 Assoeiution
1153 4007 1185 4050 et.
1199 4003 1275 4063 1850,
1292 4018 1316 4065 p.
1330 4003 1389 4052 140.

285 4072 396 4124 (inum.
415 4073 650 4124 Tributverzeichn.
666 4092 691 4138 p.
703 4077 736 4127 89
749 4079 791 4128 ell.

320 4158 362 4218 10)
380 4157 434 4208 cn.
452 4158 617 4210 Athenaeum
637 4161 714 4223 1850,
731 4176 755 4224 p.
768 4164 827 4214 909.

320 4242 361 4302 11)
380 4243 433 4294 cu.
451 4242 546 4293 Athen.
565 4245 644 4306 1852,
663 4244 713 4295 No.
729 4249 809 4311 1279,
826 4263 852 4311 p.
864 4250 923 4300 490.
957 4251 1080 4312 ,00101101
1097 4251 1247 4302 Rawlinson
1265 4251 1311 4300 has
1329 4267 1389 4316 ope·

284 4327 334 4376 ned
352 4335 396 4378 out
414 4329 457 4378 the
475 4328 556 4378 entire
574 4329 645 4392 place
663 4332 694 4380 oi
708 4334 836 4398 sepulture
855 4333 941 4384 nithe
958 4332 1034 4398 kiugs
1052 4335 1104 4386 und
1122 4349 1216 4416 queens
1236 4335 1389 4398 ofAssyriu.
