3122 5002
496 1071 697 1144 cnut·
727 1073 1022 1146 mmm.

710 1306 811 1322 *ἡ*

208 1529 304 1630 Quue
320 1561 414 1620 altero
432 1559 529 1636 capite
545 1560 663 1617 fuerant
685 1560 851 1636 explicata,
875 1559 978 1620 eadem
1001 1559 1088 1619 tertio
1114 1560 1175 1620 alia
1198 1561 1314 1620 ratione

206 1663 401 1722 declarantur.
427 1661 474 1718 Ac
490 1658 618 1736 primum
635 1659 754 1736 quidem
779 1660 809 1738 1)
826 1659 934 1720 sicario
952 1667 982 1718 et
998 1659 1181 1720 interfectori
1209 1662 1314 1720 caedes

206 1783 235 1822 r.
257 1766 342 1834 1-3,
375 1760 482 1818 foedae
515 1759 661 1818 meretrici
689 1759 849 1818 denudatio
878 1769 908 1819 et
936 1760 1100 1836 ignominia
1133 1761 1315 1838 praedicitur

206 1883 235 1922 v.
252 1867 334 1922 4-7.
360 1861 406 1940 Η)
422 1860 553 1934 Deinde,
576 1879 614 1918 ne
635 1860 774 1920 firmitate
789 1861 924 1920 locorum
942 1869 971 1919 et
987 1860 1141 1937 copiarum
1157 1869 1312 1937 praestan·

206 1964 250 2024 tia
266 1961 418 2038 depulsuri
440 1961 641 2020 imminentem
663 1979 765 2022 casnm
787 1941 960 2034 videantur,
987 1961 1157 2021 Thebarum
1174 1962 1312 2038 exemplo

207 2085 235 2124 v.
248 2067 337 2122 8-10
352 2061 509 2138 proposito
536 2061 674 2135 docetur,
697 2063 828 2121 humana
849 2062 999 2139 praesidia
1023 2071 1127 2122 eontra
1149 2061 1313 2122 Dominum

207 2164 279 2224 nihil
300 2164 401 2224 valere
423 2183 451 2223 v.
467 2166 576 2222 11-13.
609 2163 669 2240 111)
687 2163 769 2235 Imo‚
793 2182 854 2242 qno
877 2163 972 2241 magis
996 2163 1112 2240 pollent
1137 2182 1260 2223 numero
1284 2173 1314 2223 et

206 2266 335 2337 viribus,
356 2283 392 2322 co
417 2261 542 2336 certior,
566 2281 602 2320 eo
625 2263 802 2323 cumulatior
824 2264 880 2322 erit
901 2263 989 2322 ruina
1010 2284 1040 2323 v.
1055 2267 1166 2336 14-17,
1190 2283 1251 2342 qua
1272 2265 1312 2323 ob

206 2365 420 2424 immanitatem
437 2363 618 2439 flagitiorum
636 2370 665 2421 et
682 2363 825 2424 scelerum
846 2364 1034 2440 magnificum
1052 2365 1246 2441 Assyriorum
1265 2384 1311 2423 re-

206 2483 297 2542 gnum
314 2463 528 2539 exstinguetur,
544 2482 573 2521 v.
593 2467 693 2535 18,1s.

257 2565 322 2623 Iam
339 2581 410 2622 vero
432 2563 509 2621 hanc
525 2561 656 2621 vaticinii
672 2569 789 2639 partem
806 2581 867 2620 non
889 2563 1015 2623 alienam
1038 2581 1103 2623 esse
1129 2563 1168 2621 ab
1195 2572 1312 2622 antece·

207 2665 303 2739 denti,
322 2665 374 2726 sed
391 2663 558 2724 arctissima
572 2682 638 2724 cum
655 2683 692 2724 ea
708 2663 853 2722 contineri
868 2663 1099 2736 necessitudine,
1117 2681 1204 2722 nemo
1219 2681 1309 2740 nega·

206 2767 275 2838 bit,
291 2766 343 2843 qui
359 2765 407 2824 vel
423 2764 518 2824 obiter
535 2772 686 2825 extremus
703 2764 825 2824 alanus
842 2765 949 2842 capitis
966 2775 997 2824 et
1018 2763 1097 2824 tertii
1113 2764 1227 2840 primos
1243 2783 1308 2823 ver-

206 2886 257 2928 sus
274 2867 351 2926 inter
368 2885 401 2926 sc
418 2865 609 2932 contenderit.
633 2854 727 2926 Vates
744 2865 822 2925 enim
838 2865 950 2944 ingenti
965 2866 1109 2926 scelerum
1120 2865 1159 2925 ab
1173 2865 1308 2942 Assyriis

207 2968 433 3028 commissorum
448 2967 608 3026 memoriae
625 2967 808 3044 aliquamdiu
824 2948 998 3027 immoratus
1015 2977 1146 3026 atrocem
1163 2965 1310 3026 declamat

205 3067 444 3140 retributionem,
463 3083 555 3145 quam
569 3068 724 3142 profusum
742 3067 914 3144 sanguinem
925 3068 1007 3127 videt
1023 3067 1116 3144 sequi.
1144 3065 1244 3140 Quare
1261 3067 1309 3124 vel

206 3169 264 3226 hoe
279 3167 345 3243 ipso
366 3175 541 3244 argumento
551 3185 653 3226 eorum
663 3167 835 3243 infringitur
847 3167 1007 3238 sententia,
1025 3166 1078 3243 qui
1090 3167 1214 3224 alteram
1227 3167 1308 3226 dein-

207 3287 276 3345 ceps
305 3267 556 3344 expugnationem
582 3265 657 3324 Nini
691 3278 721 3325 et
754 3267 937 3326 eversionem
971 3247 1098 3326 describi
1132 3265 1309 3326 cavillarunt

206 3368 364 3445 (Husurus
381 3367 542 3426 demonstr.
560 3385 664 3444 evang.
682 3384 804 3443 propos.
821 3367 877 3440 lv,
896 3366 1062 3440 Gsnmssr,
1079 3367 1307 3444 Bursaonum),

198 3471 291 3555 ‘cuius
307 3469 481 3529 memoriam
497 3468 617 3526 iamiam
634 3468 812 3528 exstinctam
829 3485 895 3528 esse
910 3450 976 3528 iure
992 3475 1145 3528 asseverat
1160 3467 1307 3526 Havet-

208 3586 332 3630 arcnus
347 3569 428 3628 Einl.
451 3569 584 3630 Defensa
601 3577 647 3629 est
662 3569 809 3630 uberrime
824 3577 855 3626 et
871 3568 996 3644 singulis
1013 3569 1156 3646 adaptata
1172 3567 1307 3627 versibus

208 3690 227 3728 a
243 3669 436 3742 Knumssm,
459 3671 511 3748 qui
536 3690 553 3728 e
576 3670 724 3746 perversis
742 3669 804 3728 suis
821 3669 858 3728 de
874 3670 962 3728 rebus
979 3669 1174 3745 Assyriorum
1191 3667 1308 3745 opinio·

206 3769 294 3828 mbus
316 3769 411 3828 altero
435 3771 532 3846 capite
556 3771 805 3848 expugnationem
826 3771 881 3830 sub
899 3767 1104 3847 Sardanapalo
1127 3771 1165 3828 ab
1188 3769 1308 3828 Arbace

206 3870 333 3943 factam,
355 3869 442 3928 tertio
466 3878 564 3930 antem
586 3871 762 3948 aOyaxare
783 3872 839 3932 sub
857 3869 1064 3948 Ohyniladano
1088 3869 1215 3930 describi
1237 3889 1306 3929 con-

208 3957 319 4042 tendit3
336 3978 441 4030 contra
457 3989 545 4049 quem
561 3971 779 4030 Ercsuoamus
794 3970 874 4033 Einl.
892 3971 953 4044 III,
971 3991 1000 4048 p.
1020 3975 1069 4030 282
1090 3990 1130 4030 ss.
1147 3970 1242 4028 multa
1258 3989 1306 4030 sa

207 4073 247 4132 tia
263 4080 400 4132 accurate
420 4071 590 4149 disputavit.
616 4071 775 4150 Proprium
802 4081 848 4132 est
870 4080 968 4130 antem
991 4071 1074 4147 poesi
1097 4079 1127 4129 et
1142 4069 1306 4130 visionibus

206 4182 323 4247 vatum,
346 4174 427 4251 quod
449 4173 567 4234 easdem
589 4191 639 4232 res
660 4192 679 4230 u
700 4171 826 4232 diversis
844 4171 931 4247 quasi
947 4171 1082 4248 partibus
1099 4171 1224 4248 profecti
1241 4188 1305 4230 sae-

208 4274 279 4334 dius.
295 4281 469 4348 retractent3
493 4284 584 4352 atque
607 4274 682 4334 adeo
705 4272 799 4333 ultera
820 4273 893 4332 haec
915 4271 1089 4331 evertendae
1105 4270 1306 4332 Ninidecan·
