3126 5000
289 293 334 362 36
698 296 770 356 cir.
784 297 816 370 1,
834 317 862 356 v.
879 303 988 356 ts-n.

287 484 343 543 deo
359 483 427 558 ipso
444 482 684 558 comprobatum,
701 480 893 558 intelligimus
906 481 924 541 ¹.
954 479 1097 556 (Ounov,
1115 480 1269 553 Rosmu,
1286 478 1394 558 Hirr.)

286 583 354 642 Hoc
370 583 447 642 enim
464 583 539 643 illud
562 591 608 642 est
631 583 785 659 proprium
806 582 906 658 regnis
929 581 1103 654 mundanis,
1127 581 1208 658 quod
1231 580 1302 639 odio
1325 599 1393 657 per-

286 691 449 762 sequuntur
473 683 631 756 Israelem,
662 702 722 742 non
748 681 843 759 ipsius
867 690 982 742 tantum
1013 701 1134 756 caussa,
1166 682 1218 740 sed
1250 683 1392 756 maxime,

286 785 367 862 quod
394 803 451 860 pro
477 783 590 844 fictitiis
612 782 703 844 idolis
725 783 788 844 suis
812 784 899 842 deum
922 783 966 842 illi
989 783 1091 842 colunt
1107 801 1197 842 mum
1219 789 1250 840 et
1273 801 1392 855 verum

285 885 425 969 ideoque
442 883 558 944 occulta
590 892 620 944 et
649 901 764 944 summa
797 883 972 944 inimicitiae
1004 901 1111 944 caussa
1143 890 1189 942 est
1211 883 1338 942 defectio
1362 891 1393 943 et

285 985 474 1044 contumacia
502 993 607 1044 eontra
636 983 807 1043 Dominum.
832 1018 869 1028 —
907 977 999 1047 Stoi:
1021 997 1091 1059 γνν
1113 983 1157 1057 is,
1188 983 1241 1061 qni
1268 984 1392 1044 molitur

285 1084 412 1146 consilia
432 1083 599 1164 nequitiae3
616 1103 686 1144 nem
703 1080 810 1163 Sinin,
827 1084 911 1146 cuins
930 1083 1031 1144 varias
1051 1082 1220 1144 notationes
1241 1085 1393 1162 congessit

284 1185 367 1246 ΒΑΝ.
384 1185 535 1244 Herrnuor
551 1183 723 1261 (Nahumus
739 1185 881 1261 peoilicus
899 1203 927 1244 a.
944 1184 975 1244 h.
992 1184 1044 1261 1.),
1070 1185 1159 1259 plane
1176 1192 1311 1244 noenum
1327 1193 1391 1244 est:

284 1285 575 1364 Niohtsnutzigkeit,
606 1286 660 1345 cir.
683 1285 773 1346 Dent.
786 1286 881 1358 XIII,
906 1289 956 1356 143
985 1281 1057 1356 XV,
1085 1289 1133 1358 19,
1163 1284 1251 1344 unius
1278 1285 1391 1364 ingenii

284 1385 383 1464 specie
399 1387 612 1464 comprehensa
628 1384 738 1446 ISnm.
751 1386 873 1459 XXIII,
891 1390 923 1457 ὃς
941 1385 1007 1446 Iob.
1020 1385 1169 1457 XXXIV,
1188 1389 1231 1444 18.
1267 1386 1392 1446 Temere

286 1485 469 1560 (Intumuit,
495 1486 583 1547 sicuti
598 1485 665 1561 hic,
687 1487 733 1546 ita
746 1486 798 1547 Ps.
811 1485 936 1558 XVIII,
953 1491 970 1544 5
995 1485 1153 1544 defendere
1167 1485 1308 1561 pernIciei
1325 1505 1393 1546 sen»

285 1607 351 1648 sum
369 1587 499 1648 ostendit
514 1586 672 1648 Hnuosra.
690 1607 719 1647 a.
736 1587 767 1646 h.
784 1587 822 1660 1.;
846 1587 971 1664 insuper
986 1587 1067 1665 apud
1083 1586 1224 1647 usitatam
1239 1606 1393 1647 remancre

285 1695 464 1766 potestatem
479 1697 584 1750 nostro
601 1688 684 1762 loco,
702 1695 802 1748 monet
817 1688 865 1760 11,
884 1693 910 1760 l,

336 1988 422 2064 Quae
437 2007 505 2049 cum
520 1990 565 2049 ita
581 1989 656 2063 sint,
682 1991 770 2050 finem
787 1991 874 2050 huius
891 1985 1055 2066 particulae
1072 2008 1100 2048 v.
1115 1993 1220 2062 6-11,
1242 1987 1339 2046 redire
1354 1987 1394 2046 ad

284 2089 402 2148 initium
414 2089 564 2163 ridemus,
582 2097 673 2167 atque
689 2091 764 2150 adeo
782 2091 907 2150 salutem
917 2089 1022 2150 Israeli
1039 2087 1248 2148 vindicandam
1265 2088 1394 2164 primum

285 2188 317 2248 in
334 2191 392 2250 hoe
415 2207 523 2267 genere
542 2189 642 2250 locum
665 2191 793 2266 habere,
816 2191 886 2250 licet
907 2190 992 2268 regni
1015 2189 1158 2249 mundani
1180 2188 1341 2250 destructio
1365 2197 1396 2246 et

284 2289 418 2364 eversio,
441 2309 519 2369 quas
542 2289 703 2352 remedium
726 2291 807 2352 illius
825 2301 914 2370 atque
939 2309 1046 2352 caussa
1069 2299 1131 2364 est,
1155 2289 1284 2350 maxime
1307 2287 1395 2350 cadat

285 2392 341 2452 aab
359 2391 512 2452 oculorum
529 2400 729 2468 conspectum.

702 2769 738 2847 C.
773 2795 808 2842 v.
831 2773 998 2850 12-14„

333 2923 487 2986 Extremis
512 2925 620 3004 eapitis
646 2927 782 2987 versibus
806 2928 907 2989 brevis
932 2937 962 2988 et
987 2927 1136 2998 succincte
1160 2927 1253 2987 divini
1275 2925 1392 2988 consilii

283 3024 452 3084 continetur
475 3025 654 3102 declaratio,
683 3026 844 3104 ipsissimis
867 3029 990 3088 Domini
1016 3029 1116 3089 verbis
1142 3029 1308 3090 distinctius
1339 3047 1392 3087 ex·
1434 3009 1443 3022 ⁸

282 3143 398 3202 pressa.
432 3127 554 3206 Assyrii
570 3126 603 3186 in
620 3145 735 3187 summo
753 3130 905 3206 potentiae
921 3130 1044 3208 fastigio
1062 3139 1244 3204 evertentur,
1267 3149 1322 3189 nec
1337 3127 1392 3188 ite-

282 3245 349 3285 rum
375 3227 413 3286 ab
434 3225 473 3288 iis
496 3228 664 3306 affligentur
680 3229 783 3289 Iudaei
800 3229 843 3306 (ν’.
859 3233 923 3310 tt);
947 3231 1024 3305 imo,
1048 3251 1067 3290 a
1091 3229 1215 3291 vinculis
1238 3249 1340 3290 eorum
1363 3235 1393 3288 et

283 3325 426 3387 servitute
449 3347 526 3388 nunc
548 3329 752 3390 liberabuntur
776 3329 818 3406 (v.
838 3333 899 3409 13),
928 3330 1089 3409 Assyrium
1113 3350 1219 3392 nomen
1241 3349 1300 3390 una
1325 3349 1391 3391 eum

282 3427 432 3488 idolorum
448 3429 614 3490 simulacris
630 3431 763 3492 funditus
780 3431 926 3491 delebitur
942 3431 985 3509 (v.
1001 3434 1056 3509 14).
1093 3449 1095 3454 ·

336 3688 362 3750 1)
379 3687 532 3740 Umanrms
554 3689 684 3756 apposite,
706 3681 813 3755 mutatis
834 3692 965 3746 mutandis
982 3700 1129 3746 mevenit:
1158 3693 1228 3756 „Ilm
1245 3692 1288 3744 die
1308 3691 1392 3744 Noth-

282 3773 441 3841 wendigkeit
457 3775 528 3824 eines
545 3787 575 3822 so
591 3773 756 3826 iurohtbaren
774 3775 892 3828 Getiohts
909 3775 973 3828 iiber
989 3776 1086 3829 Ninive
1104 3777 1176 3830 recht
1202 3776 1393 3828 eindrudrsvoll

281 3856 504 3918 hervorzuheben,
521 3855 616 3921 dringt
633 3871 662 3907 er
679 3857 721 3908 die
732 3847 946 3910 ‘unibersehbare
963 3860 1057 3928 Mengo
1076 3862 1122 3913 der
1139 3861 1246 3924 Violen,
1271 3861 1328 3924 dio,
1346 3876 1393 3911 aus

280 3939 323 3991 ihr
339 3939 546 4006 hervorg'chend,
558 3937 649 3991 'Bdses
666 3935 764 3992 sannen
782 3957 864 4008 gegen
882 3943 1017 4009 Iehovah,
1038 3949 1066 3998 in
1090 3949 1148 3998 eine
1165 3947 1264 4011 einzige
1281 3945 1393 3995 Person·

281 4024 392 4076 ilchkeit
409 4039 570 4087 zusammen,
587 4025 630 4076 die
648 4039 677 4076 er
693 4029 882 4091 vorzugsweine
899 4016 950 4080 den
962 4031 1060 4084 Rather
1075 4031 1121 4083 des
1134 4031 1294 4082 Verdcrbens
1306 4035 1395 4090 neunt,

282 4105 323 4158 als
340 4110 411 4177 nire
428 4123 457 4160 es
474 4109 521 4160 dor
538 4109 625 4174 Kdnig
643 4110 690 4161 der
708 4110 902 4176 Ruchlosigkeit
919 4116 1022 4166 elbon
