3122 5002
594 327 667 388 Gar.
681 330 742 402 ΙΙΙ,
760 349 788 388 v.
805 336 845 388 14.
1202 329 1271 398 113

168 529 224 585 pro
246 509 320 585 ipsis
344 510 441 587 portis
467 511 604 570 videntur
627 512 697 572 dicti
720 533 794 574 esse.
825 547 862 558 -
893 515 1048 576 Resonant
1077 515 1149 576 haec
1171 517 1272 590 verba,

167 610 331 685 paullulum
356 611 475 688 quidem
496 611 668 686 immutata,
693 615 773 689 apud
796 615 966 690 Ieremiam,
989 616 1046 691 Ll,
1069 619 1118 675 30:
1146 615 1272 690 „heroes

167 709 287 770 Babelis
304 729 439 788 pugnare
456 726 591 786 cessant,
614 713 692 773 fiunt
714 715 850 780 muheres
867 713 977 791 (nimii)
1008 715 1091 795 Ἱππὼ
1114 717 1273 778 incendun-

167 819 216 869 tur
231 811 430 872 habitationes
444 812 517 886 eius,
535 814 761 890 confringuntur
779 826 878 877 vectes
896 814 991 874 eins.“

582 1129 617 1204 C.
653 1155 689 1204 v.
711 1136 855 1206 14-19.

215 1313 361 1374 Extrema
377 1313 506 1374 vaticinii
522 1315 669 1390 particula
686 1325 796 1376 certam
813 1315 1050 1395 destinatamque
1070 1317 1271 1394 potentissimi

166 1413 248 1490 regni
273 1414 388 1473 ruinam
412 1414 554 1492 proponit
576 1417 761 1476 cumulatius.
785 1417 919 1476 Primum
944 1418 1021 1479 enim
1044 1418 1077 1495 a)
1100 1437 1154 1478 uec
1176 1420 1270 1478 muni-

165 1521 265 1574 menta
281 1513 369 1588 Nini,
388 1533 443 1573 uec
459 1535 612 1574 numerum
630 1516 782 1592 copiarum
799 1535 855 1576 nec
871 1537 944 1594 opes
961 1518 1121 1596 quicquam
1145 1518 1183 1578 iis
1199 1538 1270 1595 pro-

165 1613 283 1686 futura,
306 1615 488 1674 locustarum
504 1615 631 1692 imagine
649 1625 791 1694 quattuor
807 1635 846 1676 ex
862 1619 998 1694 partibus
1016 1619 1166 1694 explicata
1183 1619 1270 1680 doce·

166 1723 230 1787 tur,
248 1733 276 1773 v.
292 1718 424 1787 14-173
441 1726 651 1792 comparantur
668 1718 744 1776 euim
761 1717 822 1776 illis
839 1737 875 1776 eo
892 1718 1025 1792 nomina,
1043 1718 1125 1796 quod
1141 1719 1270 1796 primum

165 1813 323 1874 multitudo
345 1833 447 1874 earum
470 1815 692 1878 innumerabilis
717 1825 778 1890 est,
805 1817 911 1877 deinde
934 1818 1015 1895 quod
1037 1828 1067 1878 et
1088 1819 1270 1880 ineluctabili

165 1933 232 1974 cum
256 1914 399 1974 violentia
426 1925 457 1976 et
478 1933 593 1976 summa
620 1917 709 1977 simul
738 1916 882 1978 facilitate
913 1918 1130 1994 depopulantur
1159 1919 1270 1980 cneum

165 2014 281 2088 omnia,
306 2034 366 2092 quo
384 2017 595 2090 consederant3
623 2018 751 2094 denique
774 2018 873 2095 quod,
904 2019 956 2077 ubi
980 2037 1065 2078 suum
1087 2019 1271 2096 reliquerunt

164 2115 278 2188 locum,
302 2116 377 2176 adeo
395 2126 589 2190 evanescunt,
615 2125 649 2176 ut
672 2119 785 2176 nullum
802 2137 904 2178 earnm
921 2119 1076 2197 vestigium
1094 2120 1269 2196 reperiatur.

165 2213 332 2292 Singularis
349 2217 455 2276 haecce
471 2225 562 2294 atque
578 2218 733 2295 ingeniosa
750 2219 879 2280 maxime
897 2219 1060 2280 similitudo
1074 2239 1129 2280 suo
1142 2221 1203 2279 iam
1220 2240 1269 2279 or·

164 2315 232 2374 diue
250 2316 366 2374 videtur
383 2318 557 2376 enarranda.
585 2317 734 2378 Hostibus
751 2318 867 2378 nemine
884 2319 1040 2378 resistente
1056 2319 1095 2377 ad
1109 2320 1206 2395 ipsam
1220 2339 1269 2378 ur·

163 2416 231 2474 bem
249 2416 416 2492 progressis
433 2415 476 2492 (v.
492 2418 547 2495 13),
566 2417 753 2493 amplificatis
771 2417 860 2476 etiam
877 2417 1037 2478 firmissimi
1054 2418 1113 2477 loci
1130 2419 1269 2479 munitio-

163 2515 251 2576 nibus
269 2515 371 2592 uequit
388 2516 483 2576 averti
499 2537 528 2576 v.
543 2521 594 2590 14,
619 2517 689 2594 quin
711 2517 812 2594 gladio
837 2525 867 2576 et
890 2519 959 2595 igne
981 2519 1116 2594 capiatur
1133 2528 1162 2579 et
1180 2520 1269 2580 deva·

163 2625 258 2676 stetur
274 2637 303 2675 v.
318 2619 349 2674 15
362 2636 398 2689 a,
422 2616 508 2678 sicuti
532 2617 712 2678 inevitabilis
736 2627 782 2677 est
797 2617 978 2678 locustarum
1001 2619 1210 2695 depopulati03
1234 2639 1270 2680 ac

163 2717 232 2776 licet
244 2717 585 2795 nnmerusAssyriorum
598 2717 729 2796 iugentia
740 2718 859 2778 illarum
867 2719 986 2797 agmina
993 2718 1129 2778 videatur
1139 2737 1269 2796 aequare

163 2839 191 2877 v.
206 2819 284 2891 lob,
310 2826 340 2878 et
358 2826 552 2892 mercatores,
576 2819 629 2897 qui
653 2819 789 2897 ingentes
810 2820 941 2897 nudique
963 2839 1036 2896 opes
1058 2828 1222 2898 congerunt
1236 2819 1268 2878 iu

162 2918 307 2991 medium,
325 2919 477 2978 stellarum
495 2919 584 2980 etiam
600 2921 747 2980 excedant
759 2920 975 2980 multitudinem
992 2940 1020 2980 v.
1033 2925 1065 2980 16
1076 2940 1112 2995 a,
1131 2955 1168 2966 -
1185 2940 1268 2980 reco-

163 3018 228 3076 lant
257 3028 355 3078 tamen
385 3021 480 3080 securi
508 3020 568 3092 illi,
598 3021 746 3095 locustas,
778 3040 899 3099 quoquo
923 3021 1153 3095 descenderunt,
1179 3021 1269 3096 plane

165 3118 265 3176 omnia
278 3117 398 3193 depasci
409 3127 448 3192 et,
467 3120 641 3196 quotidiano
659 3121 716 3179 hoc
732 3121 853 3196 negotio
870 3129 1006 3196 peracto,
1024 3121 1130 3178 leviter
1147 3122 1269 3180 avolare

163 3238 192 3278 v.
206 3223 238 3276 16
251 3219 281 3277 b.
307 3217 392 3276 Licet
408 3235 479 3295 ergo
497 3219 586 3280 duces
603 3220 693 3278 etiam
715 3227 745 3277 et
760 3237 899 3295 proceres
922 3239 1023 3278 eorum
1047 3220 1194 3278 innumeri
1214 3221 1268 3278 im-

164 3337 296 3378 mensam
319 3318 449 3394 prodant
471 3318 555 3395 regni
579 3319 743 3394 potentiam
772 3337 826 3378 nec
855 3328 916 3380 tam
947 3320 1033 3380 facile
1063 3319 1269 3380 existimentur

163 3418 314 3478 evertendi
330 3453 367 3462 —
384 3418 549 3479 belluarum
565 3419 685 3497 agmina
701 3419 761 3480 ista
778 3419 829 3478 ubi
847 3420 894 3478 vel
912 3420 1011 3480 defixa
1029 3420 1062 3478 iu
1079 3421 1182 3498 aliquo
1199 3420 1268 3480 has·

163 3539 228 3578 rere
243 3519 312 3578 loco
329 3519 499 3593 videantur,
519 3519 619 3579 subito
637 3528 735 3580 tamen
753 3539 928 3580 evanescere
945 3520 1043 3580 solent
1058 3540 1087 3579 v.
1102 3525 1144 3580 17.

214 3621 250 3697 b)
266 3640 295 3678 v.
312 3623 352 3678 18.
373 3625 414 3679 19.
433 3618 484 3680 Sic
501 3621 615 3680 eveniet
631 3628 665 3679 ut
682 3621 788 3680 summi
805 3629 834 3680 et
850 3620 943 3680 infimi
959 3620 1044 3698 regni
1062 3621 1140 3680 cives
1157 3620 1270 3697 ingenti

164 3739 267 3779 omues
284 3719 423 3780 trucidati
446 3728 546 3798 strage
562 3720 674 3797 passim
696 3720 814 3780 iaceant
830 3741 858 3782 v.
874 3725 923 3795 18,
948 3729 978 3780 et
998 3720 1131 3780 letiferae
1152 3720 1270 3798 plagae,

163 3839 240 3896 quae
262 3837 360 3896 regem
384 3820 471 3880 simul
495 3829 524 3880 et
549 3831 665 3898 gentem
687 3822 849 3898 percussit,
871 3830 986 3881 tantum
1010 3823 1096 3882 abest
1112 3831 1145 3880 ut
1161 3821 1271 3880 mederi

163 3923 321 3998 quisquam
344 3920 444 3980 valeat
467 3921 591 3995 velitve‚
618 3930 652 3981 ut
679 3922 849 3982 universum
872 3923 972 3999 potius
994 3921 1155 3982 humanum
1178 3939 1270 3998 genus

162 4019 304 4081 malitiosi
321 4022 511 4096 oppressoris
534 4029 564 4082 et
587 4021 739 4084 vexatoris
761 4023 886 4082 malefici
914 4023 1113 4084 internecione
1139 4010 1272 4098 'gaudeat

54 4175 56 4180 .
162 4130 253 4200 atque
269 4122 409 4195 laetetur,
427 4141 455 4182 v.
471 4128 512 4181 19.
