3124 4988
448 325 474 402 ᾗ.
491 331 518 384 4.
543 323 595 384 Dr.
613 339 803 384 counrrronr
820 323 1015 384 Innanortmr.
1208 341 1286 388 xxrx

234 507 320 582 Quae
336 525 403 566 oum
419 507 523 566 fierent
539 507 637 580 domi,
663 507 801 568 Marassa
817 525 875 566 rex
888 507 1044 586 Babylone
1060 508 1167 566 aoerbs
1183 509 1283 570 vinou-

184 608 281 666 lorum
297 607 417 668 miseria
434 615 464 666 et
480 607 662 682 turpitudine
678 609 716 666 ad
733 607 944 684 poenitentiam
962 616 1046 668 antus
1063 617 1125 680 est,
1148 616 1178 666 at
1198 627 1284 685 prae·

184 709 296 766 clarum
307 707 435 767 Hislriae
452 708 546 784 patris
563 708 731 784 exemplum
748 716 881 781 secutus,
897 707 1057 768 humilibus
1072 707 1229 784 precibus¹
1245 710 1285 768 ad

182 808 344 866 Dominum
363 807 449 866 deum
466 815 585 883 patrum
603 825 724 868 suornm
741 808 855 881 missis,
880 827 952 866 mox
975 807 1158 866 clementiam
1175 808 1238 868 eius
1256 817 1286 868 et

183 898 415 968 misericordiam
433 917 573 984 expertus
590 915 651 980 ειη
675 908 755 968 haud
781 907 859 966 enim
882 907 925 966 ita
941 908 1036 967 multo
1053 905 1141 985 post²
1157 907 1285 970 vinculis

182 1009 325 1068 liberatus
347 1008 466 1067 domum
489 1007 628 1068 dimissus
652 1016 697 1068 est
706 1029 715 1081 ς
739 1008 821 1086 quod
845 1007 1023 1085 quibusnam
1040 1027 1079 1068 ex
1096 1009 1208 1069 massis
1225 1011 1284 1070 As·

182 1108 256 1185 syrii
272 1109 299 1166 ei
317 1109 528 1181 concesserint,
546 1108 666 1186 assequi
684 1113 744 1168 uon
760 1106 922 1169 vulemns¹.

234 1309 260 1372 1)
276 1309 369 1362 Preces
385 1313 440 1362 eius
453 1312 547 1378 scripto
560 1310 698 1362 mandatas
710 1319 736 1362 et
752 1313 780 1362 in
796 1312 871 1364 lastis
888 1325 977 1376 regum
990 1310 1145 1362 ludaeorum
1163 1317 1240 1376 atqua
1255 1313 1284 1362 in

182 1395 257 1445 rebus
275 1395 372 1446 Ghosai
394 1398 461 1447 ratis
484 1403 603 1447 exaratas
627 1395 881 1460 Paralipomenorum
904 1401 994 1446 auctor
1019 1396 1074 1460 ipse
1101 1394 1174 1444 vidit
1213 1393 1285 1446 Satis

181 1482 337 1544 praeclaram
356 1483 500 1530 orationem
516 1482 632 1532 Manassi
649 1481 803 1544 adscriptam
827 1481 894 1530 inter
904 1479 1073 1544 Apocrypbos
1090 1479 1123 1528 V.
1141 1478 1183 1528 Τί,
1205 1480 1285 1530 libros

182 1564 338 1614 circumferri
356 1572 471 1626 constat,
489 1565 522 1615 de
538 1567 609 1616 ouius
626 1566 725 1628 origine
742 1570 768 1613 et
784 1569 872 1620 aetate,
887 1563 1032 1628 nuperrime
1045 1562 1183 1627 disputavit
1194 1563 1284 1613 Farra-

182 1661 265 1698 scarus
282 1641 398 1712 (aroges
411 1648 515 1698 Handb.
534 1663 565 1697 ιιι
583 1649 633 1697 den
651 1651 746 1712 Apoor.
765 1647 967 1710 1851‚taso.1).

231 1733 259 1794 4)
276 1729 351 1791 Quod
368 1747 420 1782 non
444 1732 488 1782 diu
505 1733 627 1781 Manasse
650 1731 727 1780 inerit
749 1730 837 1791 exsul,
859 1729 939 1794 probe
962 1729 1096 1780 coniicitur
1117 1728 1191 1791 inde,
1214 1729 1283 1794 qnod

180 1815 226 1866 LV
242 1829 324 1866 annos
342 1829 464 1878 regnasse
481 1816 592 1866 traditur
610 1815 698 1880 alleg.
717 1814 799 1875 XXI,
818 1817 842 1864 l.
860 1813 998 1878 iParslip.
1010 1813 1147 1874 XXXIII,
1164 1815 1194 1874 l,
1211 1813 1284 1864 nulls

180 1899 315 1964 interrupti
332 1901 405 1962 regni
424 1899 514 1950 habita
530 1902 640 1950 ratione.

231 1984 258 2048 3)
274 1982 389 2032 Fuerunt
406 1985 431 2047 a)
448 1985 491 2047 qui
508 1983 613 2034 loedere
629 1991 706 2048 paeto
728 1983 872 2034 libertatem
896 1983 920 2033 ai
945 1983 977 2032 ab
995 1981 1198 2034 Assarhaddone
1221 1996 1282 2032 eou-

180 2082 276 2117 oessam
294 2068 461 2132 opinarentur
476 2068 633 2131 (Prmnasnx
651 2066 717 2130 ali.);
737 2074 842 2116 atvero
861 2068 883 2116 si
896 2067 928 2116 de
945 2068 1028 2131 pretio
1046 2066 1086 2115 vel
1103 2065 1198 2115 tributo
1215 2065 1283 2130 cogi·
1333 2115 1337 2122 ,

180 2159 263 2214 tetur,
286 2153 372 2202 nescio
394 2165 428 2202 an
446 2153 497 2201 tale
515 2151 576 2216 quid
595 2152 732 2202 seeundum
755 2153 868 2213 priorum
892 2165 980 2213 regum
1003 2149 1196 2201 similitudinem
1217 2149 1283 2211 (ble-

179 2236 310 2298 nachemi‚
320 2235 431 2295 Acbari,
442 2233 559 2297 Hlaltiae)
571 2237 649 2286 suerit
659 2242 898 2297 commemoratum,
908 2249 942 2285 ea
952 2242 1038 2284 autem
1051 2235 1222 2296 ratiocinatio,
1232 2249 1284 2299 qua

175 2305 323 2386 'nuperrime
340 2320 370 2371 0.
387 2320 422 2369 A.
440 2319 547 2370 Μιιιιιι.
563 2319 673 2380 (Βιιιιιιι-
690 2319 744 2371 und
760 2317 980 2382 Religionsgesch.
998 2319 1045 2368 dar
1063 2319 1171 2384 Konigr.
1189 2321 1238 2370 Isr.
1255 2335 1282 2371 u.

178 2405 246 2454 Iuda
261 2419 285 2468 p.
298 2403 358 2466 304)
376 2417 432 2452 rem
447 2417 600 2468 componere
617 2403 666 2454 sibi
685 2405 753 2454 visus
771 2409 826 2464 est,
848 2416 906 2450 oum
929 2401 966 2448 sic
982 2399 1037 2449 fere
1054 2401 1165 2454 dicaretz
1187 2405 1284 2467 ,Diese

178 2487 325 2552 Erziblung
342 2487 439 2536 soheint
457 2487 504 2536 aul
520 2488 594 2537 einen
606 2487 722 2538 Wechael
740 2486 787 2551 der
796 2483 933 2534 Partheien
951 2483 1135 2549 inprudenter,
1152 2488 1205 2537 und
1223 2487 1282 2538 der⁴

179 2572 249 2622 selba
267 2570 380 2620 dadurob
397 2573 556 2634 eingetreten
573 2587 605 2620 ιιι
624 2571 691 2632 sein,
711 2569 770 2619 dass
786 2568 828 2618 die
846 2565 1016 2616 herrscbende
1029 2566 1134 2620 Parthei
1146 2571 1199 2622 sich
1213 2573 1283 2622 ihrer
1354 2581 1363 2594 ¹

179 2655 371 2720 Athangigkett
393 2671 445 2706 ron
465 2655 590 2720 Assyrien
615 2670 647 2704 ιιι
670 2653 818 2718 entledigen
842 2651 944 2714 suehte,
968 2667 1023 2703 was
1046 2653 1097 2704 den
1120 2656 1280 2719 assyrischen

178 2739 338 2790 Monarchen
354 2740 511 2802 bestimmte‚
530 2740 581 2789 dan
598 2739 686 2802 Kbnig
703 2739 768 2789 nach
780 2738 898 2802 Babylon
915 2752 947 2787 ιιι
965 2739 1071 2788 beruseu
1088 2739 1142 2789 und
1158 2739 1204 2789 ihn
1222 2740 1282 2789 dort

179 2826 219 2873 lus
237 2823 392 2889 Geiingniss
410 2839 442 2873 au
458 2825 547 2889 legen,
565 2838 611 2874 ans
628 2823 751 2874 walchem
769 2839 798 2873 er
811 2821 906 2888 jedocb
922 2835 1005 2886 gegen
1022 2823 1065 2874 die
1077 2824 1190 2890 Zusage,
1209 2825 1281 2876 seins

93 2935 96 2942 ·
179 2907 324 2972 bisherigen
345 2907 493 2972 Ratbgeber
514 2924 546 2959 au
570 2908 718 2970 eudemon,
741 2908 870 2958 entlassen
891 2907 996 2956 wurde¹‘
1015 2935 1049 2946 —
1070 2923 1103 2960 aa
1124 2916 1281 2972 quantopere

178 2993 298 3042 idoneam
315 3007 401 3042 rerum
417 2994 542 3044 radonem
561 2993 714 3054 confundat,
731 2992 806 3042 facile
823 2992 980 3056 perspicitur.
1015 2993 1041 3058 b)
1056 2993 1160 3044 Ksurns
1178 2992 1280 3056 apolog.

178 3077 294 3126 Versueh
311 3076 375 3125 uber
391 3077 434 3126 die
445 3077 559 3127 Obronilr
577 3094 602 3142 p.
613 3076 674 3138 431)
685 3077 852 3140 Assyriorum
869 3077 1050 3141 rempublicam
1067 3079 1134 3127 forte
1150 3076 1279 3126 turbatam

177 3163 257 3211 fuisse
274 3161 393 3222 coniecit,
410 3167 438 3210 at
454 3161 535 3212 iutilia
553 3167 592 3209 est
603 3160 723 3210 Krnmsr.
742 3167 767 3209 et
779 3159 951 3210 Marmara
969 3163 1064 3225 opinio,
1082 3161 1125 3224 qui
1142 3159 1279 3209 Medorum

178 3246 330 3296 seditionem
348 3251 500 3306 arguerunt,
518 3259 574 3293 oum
587 3242 791 3307 Sardanapalum
810 3241 918 3292 eundem
936 3258 994 3293 esse
1010 3259 1040 3294 ac
1052 3242 1280 3294 Assarbaddonem

179 3342 313 3395 perperam
334 3326 534 3391 hallucinarent3
561 3341 644 3390 neque
668 3339 728 3376 raro
753 3326 785 3375 da
806 3326 857 3374 alio
881 3327 989 3376 tumulto
1011 3326 1122 3390 quodam
1144 3328 1280 3391 quicquam

179 3415 303 3465 habemus
319 3419 486 3478 compertum.
515 3413 539 3474 c)
555 3412 638 3462 Porro
654 3425 723 3462 mors
733 3409 942 3460 Assarhaddonis
958 3412 1040 3460 serius
1056 3409 1148 3462 residit
1164 3413 1199 3474 (a.
1211 3411 1281 3474 668),

179 3514 255 3564 quam
272 3512 338 3564 qnae
355 3498 484 3549 Manassis
501 3496 627 3548 liberandi
644 3494 830 3546 manamine
845 3495 942 3558 possit,
958 3493 1004 3544 uir.
1022 3500 1075 3546 not
1088 3497 1119 3556 23
1142 3495 1211 3559 quod
1230 3496 1280 3549 nisi

180 3584 336 3633 contrarium
355 3589 434 3645 esset,
452 3584 564 3633 maxime
582 3581 733 3646 probaretur
750 3579 881 3628 Hormrrr
894 3585 920 3628 et
931 3578 1063 3630 Hssvsnu
1080 3579 1207 3630 sententia
1224 3579 1281 3642 (cfr.

179 3667 247 3716 llinl.
258 3665 299 3727 Π,
312 3680 342 3728 a,
353 3683 377 3731 p.
390 3667 440 3717 223
452 3666 505 3729 sn),
522 3668 566 3730 qui
583 3671 765 3731 postmortem
784 3665 839 3713 eius
851 3662 1053 3725 Babyloniorum
1066 3664 1181 3727 regulum
1198 3663 1281 3712 liben-

178 3759 218 3802 ter
242 3749 389 3800 libertatem
405 3751 521 3802 Manassi
541 3750 662 3813 largitum
686 3763 741 3798 esse
759 3751 952 3810 existimarunt,
975 3747 1104 3797 societatis
1126 3753 1151 3796 et
1167 3746 1280 3798 foederis

179 3842 270 3887 eontra
286 3835 410 3897 Assyrios
426 3834 548 3899 iungendi
570 3848 674 3895 caussa,
692 3834 765 3884 sicuti
782 3833 832 3882 Ies.
851 3832 973 3883 XXXIX
994 3830 1136 3882 Merodseb
1151 3830 1280 3882 Baladan.

179 3922 207 3986 d)
223 3920 280 3972 Nec
296 3917 357 3968 inde
375 3919 481 3968 multum
498 3919 590 3968 coniioi
606 3925 703 3984 potest,
727 3917 797 3980 quod
813 3930 860 3966 rex
878 3916 1059 3978 Hierosolyma
1076 3929 1193 3966 reversas
1210 3929 1281 3964 moe·-

180 4008 224 4056 nia
246 4003 316 4054 urbis
339 4002 427 4052 reiecit
450 4002 604 4052 et'castella
626 4002 732 4053 Iudaica
755 4002 842 4052 omnia
864 4001 986 4061 munivit,
1008 3999 1079 4050 cuius
1103 4000 1141 4048 rei
1163 4011 1280 4048 caussam
1362 4065 1366 4074 .

180 4089 265 4140 attulit
281 4088 393 4138 Hassrns
411 4087 429 4136 l.
441 4086 458 4137 1.
476 4101 501 4149 p.
513 4086 578 4146 205,
596 4092 624 4134 ut
640 4099 693 4135 non
710 4085 742 4135 ab
753 4085 868 4148 Assyriis
885 4097 971 4136 rerum
989 4084 1022 4132 ab
1032 4083 1168 4146 Aegyptiis
1184 4088 1280 4130 terram

178 4175 343 4235 defenderet,
364 4170 532 4235 probantibus
549 4170 680 4233 Assyriis,
703 4184 759 4222 curn
777 4169 923 4220 Pmnnunx
940 4168 981 4218 vel
997 4167 1163 4232 Assyriorum
1183 4165 1279 4214 iussum

179 4267 205 4310 et
227 4264 391 4326 praeceptum
414 4255 566 4314 coniicerm
590 4259 680 4304 eontra
695 4253 823 4304 Ewunus
845 4267 903 4304 carn
919 4252 1058 4315 Aegyptiis
1078 4251 1169 4300 foedus
1193 4249 1227 4299 ab
1248 4263 1280 4299 eo

179 4345 341 4396 coniunctum
364 4356 420 4393 esse
443 4340 530 4401 docet,
553 4336 713 4404 1.1.p.379.
748 4335 882 4402 Utcunque
908 4343 960 4397 est,
982 4335 1014 4386 ab
1032 4335 1199 4402 Assyriorum
1220 4333 1280 4398 iugo
