3126 5000
289 303 335 370 70
695 305 827 378 Genu,
846 309 982 364 v.s-11.

286 509 361 568 quas
383 508 442 548 non
465 488 561 548 facilis
588 496 634 548 est
663 489 777 562 aditus,
807 489 866 546 iam
890 487 978 546 facile
1000 487 1239 564 occupabuntur,
1267 496 1390 563 apertae

286 599 356 650 sunt
378 595 443 649 ct.“
478 591 650 648 Ewnnnus:
676 589 757 661 „Die
778 589 871 647 durch
897 587 1015 648 Strbme
1037 588 1097 648 und
1114 587 1388 664 Wasserleitungen

285 710 354 750 vom
370 691 471 768 Tigris
493 692 546 748 ber
568 708 602 748 so
625 689 706 750 vvohl
723 690 888 748 verwahrte
904 687 1006 760 Stadt3
1016 691 1036 722 “
1061 689 1116 746 cir.
1133 689 1239 746 Melan
1256 687 1340 748 Stud.
1358 709 1389 746 u.

284 793 426 852 Kritiken
450 795 532 863 1842,
555 790 610 862 IV,
633 810 663 866 p.
679 794 744 848 1032
766 809 806 848 ss.
841 788 898 848 cui
921 789 1114 866 explicationi
1136 789 1244 848 obiecit
1266 789 1388 847 Rossrt-

285 909 482 952 nnnnunnns:
501 892 590 966 „quis
606 909 666 949 non
682 889 839 967 intelligit,
856 890 949 948 latum
964 889 1161 966 rapidumque
1174 890 1306 966 Tigridis
1323 910 1388 948 am-

285 1013 351 1052 nem
375 993 477 1051 hostes
499 991 538 1050 ab
561 991 614 1050 illa
638 991 719 1050 urbis
745 999 831 1067 parte
853 991 937 1048 aditu
959 991 1059 1066 potius
1084 1009 1185 1048 arcere
1202 990 1387 1050 debuisse?“

284 1113 387 1152 verum
405 1093 560 1170 angustius
576 1093 615 1150 ab
631 1090 690 1150 hoc
705 1112 734 1150 v.
753 1091 782 1150 d.
799 1091 925 1168 intelligi
943 1092 1034 1150 verba
1058 1091 1188 1150 ostendit
1203 1091 1388 1166 Mrumnus,

285 1194 354 1254 licet
369 1194 435 1270 ipse
452 1193 574 1250 nimium
592 1192 682 1250 etiem
698 1192 809 1252 vidisse
825 1191 1041 1250 existimandus
1058 1191 1111 1263 sit,
1138 1210 1205 1250 cum
1221 1200 1387 1250 asseveret:

286 1303 412 1371 „portae
427 1294 511 1354 urbis
528 1293 604 1352 sitae
620 1293 706 1351 iuxta
722 1293 791 1350 illas
807 1292 924 1366 fossas,
947 1310 1059 1368 eaeque
1080 1300 1186 1368 portae
1202 1311 1222 1349 a
1237 1291 1388 1352 Ninevitis

285 1405 354 1454 ante
378 1394 630 1471 oppugnationem
655 1394 692 1451 ad
715 1393 858 1451 arcendos
873 1393 976 1452 hostes
992 1393 1169 1464 inundatus,
1195 1393 1233 1450 ab
1251 1392 1388 1452 hostibus

285 1515 372 1568 vero,
395 1495 483 1571 aquis
504 1495 536 1552 in
558 1495 650 1552 alium
667 1513 784 1552 cursum
801 1492 942 1564 deflexis,
967 1493 1095 1552 siccatae
1112 1501 1142 1552 et
1157 1501 1293 1569 apertae,
1319 1502 1352 1552 ut
1367 1513 1388 1552 a

286 1595 367 1672 Cyro
391 1597 502 1654 factum
524 1596 555 1654 in
579 1594 778 1672 expugnanda
800 1594 956 1671 Babylone
976 1593 1103 1670 legimns
1126 1593 1157 1650 in
1179 1593 1388 1669 Xenophontis

190 1741 194 1747 -
285 1695 484 1774 Cyropaedia.
520 1696 605 1770 Quae
622 1705 683 1754 tam
700 1695 778 1755 altos
796 1703 825 1754 et
841 1695 920 1754 latos
936 1713 1038 1754 muros
1054 1694 1184 1752 habebat
1200 1695 1290 1766 urbs,
1313 1694 1388 1752 iaci-

285 1797 343 1857 lius
361 1799 588 1876 expugnabatur
604 1797 772 1856 derivandis
789 1797 895 1868 fossis,
919 1813 1009 1872 quam
1030 1794 1200 1871 rumpendis
1221 1794 1387 1855 moenibus.

285 1897 356 1958 Non
373 1899 475 1958 obstat
490 1899 559 1956 huic
581 1917 662 1956 meae
686 1896 922 1972 interpretationi
943 1904 1013 1954 ante
1036 1905 1200 1954 memorata
1225 1895 1311 1954 vinea
1333 1896 1387 1954 ad·

285 2006 367 2056 mota
383 2017 479 2056 muro.
513 1998 567 2056 Nil
590 1998 778 2073 inexpertum
803 1997 942 2056 omittunt
958 1999 1195 2072 oppugnantes.“
1228 1997 1273 2054 At
1290 2014 1387 2072 quo·

285 2098 392 2158 modo
410 2098 519 2173 aperiri
535 2106 639 2174 portas
656 2117 709 2173 per
726 2097 870 2156 visionem
887 2096 1078 2172 conspexerit
1092 2105 1196 2168 vates,
1220 2115 1279 2156 non
1296 2097 1387 2168 dixit3

286 2207 331 2272 et,
363 2199 389 2258 si
417 2197 520 2258 eodem
543 2198 651 2270 modo,
674 2217 710 2256 ac
739 2206 845 2274 postea
865 2197 1021 2273 Babylon,
1054 2205 1142 2272 capta
1174 2197 1264 2256 etiam
1288 2195 1388 2256 Ninus

286 2309 378 2374 asset,
407 2299 507 2358 nescio
532 2319 571 2358 an
593 2298 744 2375 proditum
773 2291 934 2356 memoriae
963 2305 1049 2358 esset
1084 2297 1178 2357 Vates
1205 2305 1303 2356 autem
1334 2316 1388 2356 nec

285 2421 401 2460 amnem
417 2400 540 2460 Khosar
557 2419 622 2458 cum
639 2400 792 2459 canalibus
814 2400 881 2458 inde
904 2397 1054 2469 deductis,
1079 2417 1132 2456 nec
1148 2397 1263 2474 Lycum
1288 2417 1311 2456 s.
1329 2398 1388 2458 Za·

286 2501 405 2560 batum¹
429 2501 604 2578 indigitasse
626 2501 775 2577 putandus
793 2512 852 2573 est,
879 2501 931 2559 sed
948 2519 1027 2558 mere
1042 2507 1162 2575 portas,
1185 2499 1284 2556 fluviis
1301 2518 1388 2575 prae-

286 2602 467 2662 tereuntibus
485 2602 711 2673 munitissimam
730 2600 894 2659 cuiusmodi
910 2600 1006 2676 portis
1019 2598 1131 2658 Ninum
1145 2599 1273 2662 defendi.
1292 2599 1385 2672 „sub-

284 2703 365 2762 tilem
382 2702 515 2762 locorum
531 2702 751 2778 cognitionem“
770 2700 891 2760 minime
907 2701 986 2773 olet,
1011 2700 1055 2758 uti
1078 2700 1229 2760 existimat
1245 2700 1387 2760 Tucfflus

285 2823 315 2879 p.
331 2807 379 2872 643
409 2820 508 2860 nonne
537 2803 615 2860 enim
637 2803 675 2860 ab
699 2800 836 2877 Assyriis
859 2801 948 2862 toties
970 2799 1138 2860 Galilaeam
1159 2800 1388 2877 peragrantibus

285 2903 412 2978 ipsaque
425 2901 637 2978 Hierosolyma
653 2901 910 2978 oppugnantibus,
928 2921 993 2960 cum
1004 2901 1088 2978 regni
1101 2901 1148 2962 sui
1160 2911 1190 2960 et
1201 2901 1284 2962 urbis
1300 2919 1387 2976 prae·

284 3002 424 3062 stantiam
440 3002 579 3060 iactando
596 3003 808 3075 describerent,
832 3001 1041 3079 opportunitas
1063 3002 1145 3084 situs,
1161 3002 1387 3062 commemorari

284 3113 402 3179 praeter
418 3111 516 3162 cetera
532 3103 676 3162 debebat?

332 3205 373 3264 11.
397 3206 464 3282 Age
480 3213 579 3264 autem
595 3205 763 3277 videamus,
789 3204 861 3281 quid
886 3204 937 3264 alii
961 3204 1159 3277 elaborarint,
1189 3204 1258 3280 qui,
1281 3203 1386 3262 rdioto

284 3306 407 3382 proprio
430 3307 586 3365 verborum
605 3325 709 3379 sensu,
735 3307 768 3384 a)
792 3315 925 3381 portas
948 3305 1139 3363 translate
1164 3304 1258 3363 dietas
1283 3304 1386 3364 existi·

284 3414 375 3465 mant.
412 3406 441 3483 l)
458 3406 567 3465 Aditus
584 3426 622 3464 ex
639 3407 831 3464 inundatione
845 3405 977 3484 Tigridis
994 3405 1160 3480 patefactos
1178 3404 1387 3482 intelligendos

284 3525 349 3566 esse
366 3506 471 3564 docent
493 3505 659 3578 Sancum,
691 3505 899 3579 Knnrnsrnos,
929 3505 1029 3577 Insrr,
1058 3503 1221 3577 Horren,
1249 3513 1385 3581 respecto

283 3606 437 3679 Diodoro,
456 3626 516 3683 quo
533 3615 654 3666 auctore
670 3606 801 3683 Tigridis
818 3606 1019 3664 inundatione¹
1029 3605 1120 3664 muris
1137 3625 1192 3682 per
1207 3605 1271 3664 XX
1288 3605 1386 3665 stadia

284 3706 439 3766 destructis
458 3708 528 3766 urbs
544 3707 693 3783 patefacta
709 3707 846 3766 hostibus
864 3715 923 3779 est,
950 3707 1002 3784 qui
1029 3725 1064 3764 eo
1087 3706 1150 3764 fere
1166 3705 1306 3764 commoti
1324 3714 1386 3766 stu-

285 3807 334 3866 dio
344 3850 352 3879 ,
364 3816 397 3866 ut
409 3807 439 3864 ll.
454 3826 493 3866 ss.
505 3826 571 3866 curn
584 3816 716 3866 veterum
729 3807 847 3884 scriptis
861 3807 1014 3867 concinere
1027 3806 1224 3878 ostenderent,
1239 3806 1300 3866 vim
1311 3807 1387 3864 infa-

283 3916 352 3967 runt
368 3907 482 3966 verbis:
508 3927 577 3966 nam
600 3909 630 3966 'n
651 3909 688 3967 'nr
719 3908 797 3966 nude
820 3909 900 3966 dicta
923 3928 983 3966 non
1007 3915 1135 3984 possunt
1159 3916 1263 3982 portas
1286 3907 1386 3966 fluviis

284 4008 448 4084 patefactas
465 4008 604 4068 indicare.
638 4011 668 4088 2)
686 4009 799 4068 Eadem
816 4009 990 4068 difficultate
1006 4009 1133 4068 aliorum
1158 4008 1302 4084 premitur
1319 4027 1386 4068 sen·

285 4110 392 4182 tentia,
417 4110 468 4186 qui
492 4110 598 4170 fluvios
622 4119 762 4188 tanquam
785 4111 867 4170 urbis
895 4119 998 4186 portas
1023 4117 1160 4168 censeant
1190 4107 1302 4182 deas,
1332 4128 1387 4184 per

335 4335 360 4396 1)
378 4335 591 4386 Scnnnzraarsonn
612 4336 672 4385 diss.
691 4336 723 4386 de
741 4336 811 4386 Nino
829 4337 898 4386 urbe.
