3126 5000
662 270 735 332 Cur.
749 273 778 344 I,
797 292 824 330 v.
842 278 864 328 l.
1290 269 1311 338 3

210 477 281 517 non
299 475 365 518 esse
382 456 618 517 vaticinaturum.
645 458 798 516 Aoeeduut
813 455 871 515 Ies.
884 455 940 528 111,
958 459 974 514 'l
992 466 1022 514 et
1037 455 1092 515 Iob
1105 457 1194 529 XXI,
1213 463 1244 516 12
1263 460 1313 520 ubi

209 558 383 619 manifestus
407 567 453 616 est
470 556 694 615 vociferantium
712 566 742 616 et
756 555 943 615 iubilantium
967 556 1087 616 elamor.
1121 557 1161 616 ΙΙ.
1184 557 1314 636 Pergen-

210 659 280 718 dum
298 667 343 718 est
360 658 400 718 ud
416 657 563 733 reliquum
581 655 714 717 loeorum
732 675 842 734 genus,
861 656 969 734 quibus
987 672 1052 717 amr
1067 674 1133 715 uum
1150 656 1217 717 aliis
1235 677 1314 718 oom-

209 759 331 836 pouitur
347 757 523 818 nominibus.
560 755 629 831 Quo
645 758 675 816 in
694 771 885 836 generentur
908 759 936 835 l)
954 765 1000 816 est
1016 757 1135 829 tollere,
1153 759 1246 831 ferre,
1264 777 1314 818 eo·

211 879 269 937 que
286 878 375 920 sensu
392 859 425 937 a)
442 857 550 935 legitur
565 877 594 917 v.
613 877 638 917 o.
656 858 708 918 Ps.
720 859 791 931 XV,
809 861 841 916 3:
860 851 936 930 „nec
953 857 1046 930 tollit,
1065 876 1089 917 s.
1106 858 1197 918 infert
1213 859 1314 918 eonvi-

210 961 286 1019 eium
303 960 334 1018 iu
351 959 478 1018 vicinum
495 962 613 1031 suum,“
629 979 725 1036 neque
736 977 806 1018 vero
820 975 902 1030 „nou
915 957 1092 1034 pronunciat
1108 959 1312 1033 eonvieium;“

211 1061 263 1120 eir.
281 1060 334 1122 Pe.
348 1059 531 1132 CXXXIX,
549 1062 582 1131 33
610 1059 709 1118 Exod.
721 1059 847 1130 XXIII,
867 1062 880 1114 l
903 1073 968 1124 tua>
989 1073 1063 1121 mur
1084 1073 1155 1120 auru
1178 1055 1234 1135 τὼ
1262 1080 1311 1121 ao·

211 1160 288 1219 aedit
310 1160 498 1220 celeberrima
521 1159 655 1237 decalogi
672 1177 733 1219 vox
749 1160 848 1219 Exod.
860 1157 941 1231 XX,
958 1164 989 1216 7:
1014 1179 1073 1232 „ne
1089 1160 1186 1233 feras,
1210 1169 1312 1237 portes

211 1279 318 1320 nomen
335 1270 373 1320 ot.
391 1261 430 1320 ad
446 1260 670 1333 menducium;“
694 1279 754 1320 non
776 1277 868 1337 posse
889 1258 932 1318 sio
948 1260 1040 1319 verti:
1064 1280 1123 1332 „ne
1138 1262 1314 1336 pronunties

211 1380 318 1421 nomen
341 1372 378 1420 et.
396 1362 435 1420 ad
458 1361 680 1433 mendacium,“
699 1361 856 1421 ostendunt
871 1360 965 1419 verba
979 1361 1032 1420 Pe.
1044 1360 1163 1434 XXIV,
1180 1367 1211 1419 4:
1239 1362 1314 1440 „qui

210 1480 270 1520 non
294 1464 353 1521 fert
381 1461 512 1522 animum
533 1480 618 1521 suum
642 1461 680 1520 ad
702 1461 852 1535 falsum,“
870 1460 921 1518 ubi
943 1462 1058 1521 absone
1081 1479 1205 1537 prorsus
1233 1473 1313 1523 esset

210 1562 421 1639 pronuntiandi
449 1569 600 1638 potestas3
630 1562 684 1621 esr.
709 1561 865 1620 Hnuosun.
896 1561 947 1621 Pe.
967 1562 997 1635 I,
1022 1581 1051 1638 p.
1069 1565 1102 1619 82
1122 1580 1162 1622 ss.
1205 1561 1313 1641 Neque

211 1663 297 1722 aliter
314 1662 491 1738 explicanda
508 1681 570 1721 vox
587 1669 633 1722 est
648 1666 665 1719 2
678 1661 754 1738 Reg.
766 1662 829 1733 IX,
847 1663 881 1718 25
903 1675 1059 1721 amoma
1087 1653 1155 1726 riv
1175 1679 1240 1721 tum
1261 1664 1312 1729 'nr

212 1780 270 1824 nun
295 1770 347 1836 „et
363 1763 497 1835 sustulit,
521 1761 646 1838 ingessit
661 1761 810 1822 Dominus
831 1761 863 1819 in
880 1779 946 1819 eum
963 1760 1020 1818 hoo
1037 1766 1145 1836 onus,“
1162 1780 1203 1820 so
1221 1781 1313 1840 grave

212 1864 286 1923 illud
309 1872 399 1941 atque
422 1865 560 1923 acerbum
586 1862 622 1920 de
645 1871 740 1922 morte
765 1861 829 1921 eius
853 1861 1003 1920 decretum
1021 1861 1124 1940 lReg.
1142 1862 1239 1936 XXI,
1263 1868 1312 1937 193

212 1965 322 2037 XXII,
340 1967 384 2023 35.
412 1963 622 2022 Dumrzsomo
640 1971 754 2035 autem,
772 1961 823 2041 qui
839 1961 859 2020 1.
877 1962 898 2021 l.
917 1961 960 2020 sie
976 1961 1080 2020 vertit:
1104 1963 1314 2024 unddehovuh

211 2067 264 2125 hat
288 2066 362 2124 tiber
390 2064 441 2124 ihn
467 2063 568 2123 diesen
591 2065 767 2140 Aussprueh
795 2062 1034 2140 ausgesprooheu
1048 2061 1072 2137 ¹,
1100 2063 1227 2140 intelligi
1254 2084 1314 2124 non

212 2175 330 2243 potest,
357 2165 535 2243 quibusnam
552 2183 591 2223 ex
614 2165 727 2224 caussis
744 2163 872 2240 simplex
888 2163 941 2222 illa
961 2170 1051 2240 atque
1074 2164 1202 2241 genuina
1223 2164 1314 2224 inter·

212 2267 340 2344 pretatio
356 2265 493 2324 videatur
518 2265 713 2325 Intolerabilis
737 2283 817 2336 esse3
850 2265 884 2339 b)
901 2263 1045 2324 translate
1062 2263 1171 2322 dietum
1188 2265 1315 2323 habetur

213 2385 315 2442 preoes
332 2365 436 2424 tollere
452 2365 510 2424 Ies.
521 2365 693 2437 XXXVII,
711 2370 744 2436 4,
769 2364 912 2422 addeum
934 2362 1071 2420 nituirum
1095 2363 1126 2420 in
1149 2364 1239 2424 eoelis
1260 2365 1314 2423 ha-

214 2467 367 2525 bitantem.
403 2464 471 2540 Quo
489 2465 565 2522 adde
587 2465 617 2540 o)
634 2464 738 2522 tollere
760 2464 861 2522 fletum
877 2462 934 2521 Iar.
946 2462 1010 2534 IX,
1029 2467 1045 2520 9
1068 2463 1188 2524 brevius
1204 2464 1315 2524 dietum

212 2585 283 2644 pro:
303 2565 408 2625 tollere
420 2584 522 2624 vooem
540 2573 570 2623 et
585 2565 665 2637 flere,
683 2564 736 2623 eir.
755 2564 880 2640 suprel,
893 2568 919 2635 1,
932 2581 958 2621 o.
984 2563 1016 2640 2)
1031 2562 1139 2622 Restat
1152 2584 1187 2625 ea
1200 2565 1315 2624 dicendi

212 2667 306 2740 ratio,
336 2667 368 2724 in
393 2685 453 2744 qua
476 2681 541 2726 atur
564 2673 667 2742 aperte
687 2672 733 2726 est
756 2665 901 2740 incipere,
931 2671 1035 2724 nostro
1057 2671 1157 2723 autem
1180 2683 1316 2725 sermone

213 2768 325 2844 optime
342 2767 475 2826 redditur
486 2766 635 2826 auheben:
658 2760 727 2829 ium
747 2781 813 2826 auru
830 2764 921 2824 Num.
934 2763 1054 2839 XXIII,
1067 2769 1100 2838 ῖς
1117 2765 1172 2824 Iob
1180 2765 1314 2841 XXVII,
1424 2805 1428 2816 -

214 2874 245 2940 13
261 2868 389 2942 XXIX,
410 2873 439 2940 13
456 2867 608 2941 MichaII,
625 2871 643 2925 4
661 2865 768 2942 quibus
783 2866 875 2941 loeis,
894 2866 920 2927 si
938 2881 1004 2926 nuru
1021 2873 1100 2926 esset
1111 2869 1314 2943 pronuntiare,

214 2969 287 3029 satis
308 2969 514 3028 inoommodns
536 2967 741 3028 admitteretur
756 2966 963 3041 pleonasmus:
987 2975 1017 3024 et
1032 2968 1235 3043 pronuntiavit
1250 2950 1315 3027 oar·

214 3087 280 3127 men
303 3087 388 3128 suum
411 3077 479 3127 et..
493 3111 522 3128 ..
539 3067 651 3145 inquit3
675 3085 768 3143 quare
791 3067 866 3125 bene
888 3066 1117 3127 Dranzsomns
1133 3067 1212 3127 Hab.
1226 3068 1273 3141 Π,
1299 3074 1316 3125 6

213 3167 317 3228 vertitt
341 3167 387 3226 ein
404 3167 477 3226 Lied
493 3167 680 3226 anetimmenr
926 3171 928 3176 '
1028 3169 1030 3176 '
1055 3169 1057 3176 '

264 3267 354 3343 Quod
378 3267 405 3326 si
422 3269 544 3326 verbum
567 3281 634 3326 arur
657 3283 805 3341 nusquam
827 3272 1006 3341 potestatem
1027 3265 1243 3342 pronunciandi
1264 3267 1316 3325 ad-

214 3369 330 3428 mittere
346 3367 489 3443 vidimus,
516 3365 627 3426 nomini
642 3383 770 3443 'qnoque
790 3366 860 3424 inde
877 3365 965 3426 duoto
988 3365 1049 3424 tale
1064 3365 1138 3444 quid
1153 3367 1251 3426 inesse
1267 3385 1317 3426 ne·

214 3471 293 3547 quit3
310 3469 389 3542 imo,
407 3469 434 3529 si
450 3487 540 3528 uuam
557 3466 690 3544 excipias
707 3465 822 3524 dieendi
838 3463 997 3526 formulam
1013 3479 1076 3526 uro:
1098 3481 1186 3539 rw,
1208 3467 1241 3524 in
1258 3487 1319 3545 qua

214 3569 312 3628 locum
321 3569 461 3648 indigitat
472 3587 532 3648 quo
548 3568 663 3628 tollitur
675 3567 807 3639 animus,
820 3567 840 3626 i.
854 3585 879 3626 e.
895 3565 1072 3625 desiderium
1080 3565 1190 3624 Erech.
1199 3567 1318 3641 XXIV,

215 3673 259 3742 25,
272 3670 411 3729 omuibus
423 3670 545 3730 omnino
554 3669 646 3742 loeis,
659 3667 819 3726 seeundum
831 3665 1056 3727 usitatissimam
1066 3667 1172 3725 nouam
1184 3667 1318 3743 praedito

216 3783 239 3828 t>
259 3767 609 3828 formatarum'rationem
620 3767 645 3841 ²,
664 3775 717 3828 eut
731 3787 795 3826 rem
807 3775 968 3843 portatam,
985 3767 1005 3826 i.
1021 3786 1046 3826 e.
1061 3785 1147 3840 onus,
1159 3775 1211 3826 aut
1221 3769 1320 3845 ipsum

214 3869 354 3944 portandi
364 3875 463 3928 aetum
476 3869 621 3945 designat.
641 3871 674 3947 a)
685 3868 866 3928 Posterioris
878 3867 1038 3944 potestatis
1049 3867 1208 3926 diluoidum
1220 3887 1319 3928 exem·

268 4127 292 4190 1)
309 4127 474 4178 Konsrnnos:
503 4127 557 4178 und
573 4128 691 4178 dehorah
707 4134 766 4192 trag
783 4144 830 4179 vor
847 4129 936 4179 diesen
954 4128 1064 4192 Vortrsg
1080 4127 1144 4176 uber
1159 4125 1213 4176 ihu.
1316 4189 1319 4196 Ι

267 4213 293 4276 2)
310 4211 363 4263 crr.
379 4211 496 4263 Ewmu
513 4211 635 4262 ausffihrl.
647 4211 780 4262 Lehrbuch
799 4211 877 4273 1844,
895 4209 986 4274 §lem
1003 4210 1033 4272 b,
1051 4209 1080 4272 3,
1096 4209 1167 4262 errius
1185 4209 1321 4276 explicatio

216 4293 293 4359 longe
310 4293 479 4360 praeferende
497 4295 598 4346 videtur
614 4293 740 4346 infinitivo
758 4293 931 4344 chaldaizanti
948 4308 964 4342 a
983 4293 1094 4346 (insumo
1114 4293 1253 4360 proposito.

1075 4377 1112 4426 μ
