3126 5000
246 317 292 388 28
658 320 731 381 Car.
744 321 776 395 l,
794 325 935 382 v.t-11.

249 523 314 566 suos
330 505 404 564 deus
415 513 597 580 persequetur
614 503 738 563 tenebris.
769 503 945 578 Quaeritur,
964 509 1062 562 utrum
1078 503 1243 562 subiectum
1260 523 1351 563 cumr·

245 607 311 666 tiati
333 606 373 666 sit
390 621 477 680 quotu,
500 623 540 664 au
563 604 655 664 lateat
676 603 708 662 in
729 620 807 680 quur.
848 606 877 682 l)
895 603 955 678 Qui
977 603 1051 664 illud
1075 611 1243 664 statuerunt
1259 604 1350 664 LXX

245 706 352 779 Onnv,
369 705 395 764 Ι.
409 704 450 764 H.
457 705 562 778 Mrcs,
579 704 690 778 Bous,
708 704 822 776 Manu,
840 704 1002 778 „tenebrae
1017 713 1233 781 persequentur
1248 705 1351 764 hostes

245 807 346 879 eins,“
365 805 429 864 sine
444 804 552 864 idonea
569 822 676 864 cauam
692 804 833 862 recedunt
855 825 875 864 a
897 804 1031 864 subiecto
1054 804 1244 864 antecedente
1260 813 1291 864 et
1305 805 1350 862 in-

244 914 398 983 sequente,
416 923 471 964 nec
486 904 647 981 respiciunt
662 903 770 966 liueem
786 905 955 981 Makkeph,
973 923 1050 982 quae
1066 905 1178 964 arctina
1194 913 1352 982 utrumque

243 1007 283 1065 ad
313 1024 402 1064 unam
430 1005 551 1080 copulat
576 1004 736 1064 notionem.
778 1008 810 1084 2)
828 1005 961 1064 Alterius
987 1004 1150 1064 sententiae
1176 1005 1297 1080 patroni
1319 1005 1351 1064 in

244 1106 319 1166 duas
337 1125 454 1165 rursum
471 1106 582 1164 abeunt
597 1112 715 1182 partes,
739 1113 830 1181 prout
846 1106 938 1165 verbo
960 1119 1029 1179 quon
1053 1103 1103 1164 vel
1122 1104 1350 1164 instrumentum

243 1208 292 1266 vel
310 1207 408 1265 lo'curn
429 1205 555 1266 indicari
571 1213 693 1281 putant:
725 1206 758 1282 a)
774 1206 904 1266 lonsrrr.
922 1205 1069 1264 livosum:
1088 1215 1304 1283 „persequetur
1319 1206 1351 1264 in

244 1307 446 1384 ιςιιιειιιιιιιιιιιι
465 1323 553 1383 quem
564 1321 684 1366 sensum
697 1303 847 1366 nonnullis
858 1305 935 1381 locis
948 1305 1039 1364 verbo
1052 1305 1174 1366 subesse
1184 1322 1244 1364 non
1260 1323 1350 1382 nega·

125 1473 132 1490 ‚
244 1425 326 1480 mus,
351 1407 404 1466 cfr.
427 1406 480 1466 Ps.
493 1405 709 1477 LXXXVIII,
726 1410 760 1477 43
783 1406 849 1466 Iob.
863 1405 934 1479 XV,
952 1410 984 1463 tr
1006 1414 1064 1478 ct,
1089 1404 1141 1464 ubi
1164 1425 1260 1466 nexus
1284 1425 1350 1466 sen-

246 1507 402 1566 tentiarum
427 1505 554 1566 dilucide
576 1505 681 1566 suadet
688 1525 702 1578 ς.
719 1514 752 1566 at
767 1524 839 1565 vero
863 1506 914 1566 ubi
937 1505 1074 1568 absolute
1095 1506 1227 1582 positum
1250 1513 1351 1566 estut

244 1615 348 1667 nostro
372 1607 456 1678 loco,
481 1606 533 1665 vir
557 1604 715 1682 specialem
737 1605 822 1666 illam
843 1607 934 1666 habet
955 1605 1218 1683 significationem,
1241 1627 1297 1683 pro
1315 1627 1352 1666 ea

244 1727 322 1785 quae
344 1715 405 1766 tam
427 1706 488 1766 late
510 1715 594 1783 patet
615 1706 646 1764 in
663 1705 703 1766 V.
720 1713 751 1766 et
766 1705 807 1765 N.
825 1706 899 1781 To,
923 1705 1144 1766 similitudinem
1161 1708 1227 1766 dieo
1251 1727 1350 1766 rerum

244 1809 436 1868 adversarum
453 1815 483 1865 et
499 1805 719 1880 calamitatum,
737 1806 851 1883 peccati
867 1815 898 1866 et
913 1806 1036 1880 mortis,
1054 1806 1107 1866 cir.
1125 1807 1198 1866 Ioel.
1208 1808 1249 1881 Π,
1267 1813 1284 1866 t
1298 1808 1349 1868 all.

142 1951 148 1958 .
243 1908 278 1986 b)
300 1907 408 1968 Restat
430 1907 537 1983 igitur,
567 1915 601 1966 ιιι
621 1919 691 1982 putu
716 1926 783 1966 cum
805 1907 974 1980 turmo,
997 1907 1160 1980 Marone,
1184 1894 1349 1982 nunes,

242 2007 390 2067 Honunrr.
407 2008 569 2066 habeamus
585 2024 642 2081 pro
669 2007 856 2079 accusativo,
879 2007 969 2066 latins
989 2007 1043 2065 illo
1065 2015 1186 2083 petente
1210 2010 1263 2068 cfr.
1280 2008 1348 2068 Eur.

245 2107 370 2184 §283a,
388 2116 418 2164 et
433 2106 659 2166 instrumentum
676 2115 812 2179 nonum,
830 2107 922 2166 velmi
938 2107 999 2167 los.
1013 2106 1083 2180 VH,
1101 2111 1151 2181 253
1169 2107 1221 2172 Ps.
1233 2108 1346 2181 LXIV,

244 2211 262 2265 8
279 2213 333 2266 ct:
363 2207 465 2266 hostes
481 2224 552 2266 euos
570 2213 763 2283 persequetur
779 2206 923 2279 tenebris,
950 2225 1046 2285 neque
1062 2217 1158 2281 vero,
1172 2217 1206 2268 nt
1229 2209 1349 2268 inerunt

244 2307 296 2384 qui
304 2305 475 2366 redderent:
489 2306 627 2380 „efficiet
636 2314 669 2364 ut
676 2307 778 2366 hostes
790 2325 861 2367 suos
870 2318 1086 2385 persequentur
1098 2310 1268 2382 tenebrae,“
1278 2329 1348 2368 nem

243 2406 309 2466 Piel
325 2407 409 2466 verbi
425 2422 481 2484 qun
505 2406 558 2466 vix
580 2406 656 2466 alias
673 2407 819 2483 reperitur
835 2407 1005 2468 mussativo
1030 2425 1118 2468 sensu
1142 2407 1271 2482 dictum,
1295 2411 1348 2470 sed

243 2506 367 2566 andem
382 2506 474 2568 habet
489 2508 550 2568 vim
566 2519 657 2584 quam
672 2506 752 2580 Kal,
775 2526 837 2569 nou
855 2508 967 2570 οιιιίιιι
983 2516 1082 2570 tamen
1098 2511 1302 2587 exaggerandi
1316 2518 1350 2570 et

241 2607 369 2668 uerand
385 2613 548 2684 potestate,
567 2606 621 2667 cit·
638 2607 704 2666 Ew.
723 2607 804 2685 §lto
814 2609 843 2668 b.

758 2880 786 2920 v.
804 2864 830 2919 9.

295 3007 374 3078 Quid
394 3010 522 3083 capitote
545 3010 579 3068 ds
601 3009 745 3068 Demteot
766 3021 983 3070 conmmeatum
1005 3013 1052 3072 ille
1072 3015 1233 3074 redditurus
1256 3014 1345 3092 (eet);

240 3127 296 3168 noa
323 3115 468 3184 oomur'yet
488 3109 532 3168 bis
556 3113 697 3186 caputia
739 3112 840 3170 Verba
863 3118 966 3172 versus
989 3113 1180 3174 absolvamus
1203 3116 1343 3192 primum,

240 3209 347 3269 deinde
373 3209 575 3271 examinemus
604 3211 789 3272 sententiam.
836 3211 974 3272 Genuina
995 3217 1025 3272 ν’.
1045 3229 1117 3276 :mn
1138 3217 1273 3292 potestas
1298 3225 1345 3278 est

240 3310 421 3386 supputandi
443 3311 497 3370 cfr.
516 3309 634 3371 Gustu.
656 3312 730 3371 thes.
749 3330 773 3372 s.
791 3312 821 3370 h.
839 3332 884 3385 r.,
910 3312 988 3372 uude
1010 3314 1181 3374 derivantur.
1205 3315 1344 3392 deinceps

238 3411 429 3484 aestuandi,
456 3411 639 3487 imputandi,
668 3411 836 3488 cogitandi,
870 3411 1082 3488 ratiocinandi3
1118 3435 1196 3495 quae
1215 3417 1342 3490 ¹omnes,

237 3519 355 3586 praeter
370 3511 537 3586 immundi
553 3511 631 3583 rim,
650 3512 836 3571 continentur
851 3513 873 3570 f.
891 3512 977 3572 Pisi„
991 3513 1052 3573 Ubi
1069 3516 1106 3575 de
1124 3517 1294 3576 meditando
1312 3525 1343 3575 et

237 3610 444 3670 ratiocinando
461 3611 555 3684 valet,
574 3610 756 3670 construitur
772 3631 839 3671 cum
855 3631 901 3688 pr.
914 3608 956 3676 tn
976 3611 1053 3674 Gen.
1065 3615 1106 3689 L,
1125 3621 1173 3690 203
1191 3617 1272 3676 Dans
1284 3617 1343 3690 XI,

237 3710 351 3782 trull,
375 3714 440 3768 cum
458 3705 498 3773 tre
518 3718 672 3787 praeterea
688 3719 733 3770 ter
755 3713 960 3772 tantummodo
978 3711 1056 3774 Hos.
1069 3714 1146 3790 VII,
1166 3721 1213 3789 153
1236 3718 1342 3776 Iorem.

236 3808 340 3868 Ierem.
357 3808 478 3882 XLIX,
497 3815 547 3881 203
569 3809 679 3883 L,.45,
705 3819 734 3869 et
756 3812 834 3870 nude
856 3812 1093 3874 transferendum
1115 3825 1175 3876 est:
1205 3818 1342 3876 meditari

237 3908 274 3967 de
297 3908 408 3987 aliquo.
437 3941 473 3952 -
507 3909 618 3968 Pertic.
649 3925 738 3971 tuton:
772 3912 823 3970 ille
849 3913 917 3972 talis
943 3922 1003 3987 est,
1033 3915 1084 3993 qui
1108 3926 1342 3976 consummatum

236 4007 350 4068 reddat
381 4041 418 4052 -·
460 4020 558 4073 niorto
584 4009 660 4069 duos
683 4012 794 4088 gradus
816 4013 953 4088 proprie,
983 4015 1003 4072 i.
1029 4035 1055 4073 e.
1079 4015 1142 4088 bis;
1173 4018 1227 4076 clr.
1251 4019 1342 4078 semel

236 4125 300 4170 ntur
322 4123 385 4170 nvn
407 4109 467 4169 los.
481 4108 542 4182 VI,
560 4113 593 4185 3,
612 4119 657 4170 ter
670 4111 769 4169 Exod.
783 4113 908 4187 XXIII,
927 4118 958 4186 73
977 4115 1029 4173 cir.
1050 4121 1063 4172 l
1078 4114 1158 4176 Sam.
1173 4117 1290 4191 XXVI,
1307 4123 1325 4176 8
1331 4139 1340 4191 3

235 4206 345 4268 tSam.
360 4209 438 4282 XX,
459 4215 499 4268 10.
519 4243 554 4254 -
589 4225 646 4288 nup
667 4212 747 4271 haud
765 4231 834 4271 raro
851 4213 952 4274 hostili
970 4233 1059 4275 sensu
1077 4215 1186 4276 dicitur
1202 4217 1270 4294 (cfr.
1285 4229 1340 4294 rap

233 4307 345 4369 inimici
361 4309 419 4369 mei
435 4310 487 4370 Ps.
499 4311 607 4384 XVII,
625 4317 668 4371 40.
686 4313 760 4390 lt),
787 4322 816 4372 et
839 4315 1016 4379 transfertur
1041 4318 1078 4376 ob
1102 4317 1188 4378 hoste
1210 4318 1277 4394 ipso
1300 4319 1351 4381 udv

1543 443 1545 542 w
