3124 4988
265 333 309 374 nu
608 305 852 362 Pronuconam.
883 298 956 358 One.
974 301 1015 360 ll.

266 491 578 562 determination,
597 485 694 547 which
711 475 773 542 will
791 490 844 540 not
858 482 946 542 allow
967 484 1017 542 the
1033 483 1175 544 beholder
1187 492 1219 542 to
1232 483 1290 542 lael
1306 503 1368 562 any

265 603 416 670 contempt
437 593 471 698 qi
491 590 551 650 this
576 597 657 648 stern
680 583 853 644 warriors.“
877 616 913 626 -
938 583 1006 658 Quo
1030 585 1106 644 adde
1129 584 1269 644 mirificas
1297 585 1367 644 illus

266 696 438 757 animalium
453 691 581 768 species,
600 687 709 765 quibus
725 683 904 760 palatiorum
917 692 1022 759 portae
1035 685 1286 757 custodiebantur,
1304 685 1366 743 leo-

266 815 320 858 nes
343 796 391 856 vel
413 792 490 852 tauri
512 791 641 848 humano
665 784 762 860 capite
784 783 901 857 alisque
925 785 1066 860 aquilinis
1088 785 1221 862 insignes
1232 785 1251 857 ¹,
1276 785 1366 843 robu-

267 894 391 960 stissimi
407 890 546 950 Nimrodi
562 886 668 947 statuis
685 884 845 955 variatas,
857 883 907 959 qni
931 885 1025 942 altera
1047 905 1137 944 manu
1153 885 1269 943 leonem
1285 891 1367 942 catu-

267 997 346 1068 lum,
376 992 472 1052 altera
497 1007 623 1066 anguem
645 985 727 1044 nullo
749 984 812 1042 fere
835 983 954 1060 negotio
977 983 1163 1061 comprimit²
1186 1018 1222 1027 —
1247 984 1366 1060 quibus,

268 1111 460 1174 quaecunque
472 1109 572 1148 earnm
585 1088 641 1146 fuit
653 1083 842 1162 significatio,
860 1100 980 1142 monere
992 1094 1072 1144 certo
1089 1085 1235 1157 videntur,
1254 1092 1368 1160 quanta

268 1202 404 1273 potestas
419 1192 452 1250 in
468 1189 560 1250 muris
576 1187 642 1247 istis
657 1184 816 1244 habitaret.

318 1295 421 1372 Atque
435 1293 512 1350 hanc
528 1288 646 1366 quidem
660 1293 796 1344 naturam
806 1283 894 1344 rebus
911 1303 931 1342 a
948 1303 980 1344 se
992 1285 1084 1362 gestis
1096 1303 1275 1362 magnopere
1287 1301 1367 1342 oom-

270 1395 472 1471 probaverunt
479 1412 487 1462 3
517 1387 630 1464 ingenti
653 1393 751 1443 autem
775 1383 878 1442 robori
902 1403 956 1442 suo
979 1404 1044 1444 cum
1067 1403 1182 1444 summa
1206 1384 1316 1444 astutia
1338 1391 1369 1442 et

271 1493 430 1554 calliditate
447 1489 685 1548 moderabantur.
711 1483 779 1540 Hoc
797 1482 874 1541 enim
890 1483 966 1542 illud
982 1491 1037 1557 est,
1053 1503 1113 1561 quo
1130 1485 1305 1560 praesertim
1328 1485 1367 1542 ab

271 1593 339 1652 aliis
355 1592 493 1651 differunt
509 1587 645 1664 gentibus
661 1583 841 1656 maioribus,
860 1603 937 1660 quae
950 1593 1038 1644 antea
1050 1592 1195 1643 vexarunt
1205 1585 1368 1656 Israelitas,

271 1693 352 1770 quod
369 1709 430 1750 non
446 1687 608 1765 praedandi
625 1692 740 1744 tautum
756 1701 862 1742 caussa
878 1684 992 1744 vicinos
1009 1687 1083 1744 fines
1102 1686 1254 1744 vexabant
1270 1692 1300 1744 et
1316 1703 1369 1742 ex·

272 1792 347 1852 uotis
370 1789 474 1867 spoliis
498 1789 617 1846 domum
640 1783 788 1855 redibant,
812 1803 913 1842 verum
936 1785 1023 1860 primi
1047 1785 1223 1860 praestituto
1244 1784 1369 1844 consilio

271 1901 302 1952 et
316 1891 432 1951 ratione
448 1889 479 1946 id
497 1889 639 1966 agebant,
665 1892 698 1943 ut
721 1902 836 1941 omnem
860 1883 998 1960 deinceps
1019 1893 1164 1944 terrarum
1188 1885 1245 1944 sibi
1268 1886 1369 1943 orbem

272 1991 457 2052 subiicerent.
482 1989 517 2045 ln
541 2005 636 2062 eoque
652 1983 695 2042 ita
711 1984 772 2042 fere
789 1984 998 2057 versabantur,
1021 1993 1136 2044 utnon
1161 1985 1192 2044 vi
1215 1985 1316 2044 statim
1341 1994 1371 2043 et

272 2090 377 2161 armis,
396 2107 471 2165 quas
488 2093 628 2163 possent,
646 2091 747 2160 gentes
765 2081 979 2157 opprimerent,
1003 2103 1104 2144 verum
1123 2085 1292 2162 praestigiis
1308 2086 1370 2160 pri-

273 2209 352 2248 mum
369 2197 400 2248 et
415 2187 500 2246 falsis
514 2183 779 2262 pollicitationibus
794 2181 928 2240 irretire⁸
944 2193 1133 2258 conarentur3
1153 2185 1219 2243 dein
1237 2186 1370 2262 rixarum

273 2307 363 2350 ansas
380 2287 536 2366 diligenter
552 2303 708 2361 quaerere,
726 2291 759 2340 ut
771 2281 835 2339 iure
848 2301 898 2341 eas
911 2283 1068 2358 percellere
1078 2286 1263 2358 viderentur;
1281 2293 1371 2362 atque

273 2390 348 2448 adeo
365 2387 571 2448 occasionibus
589 2392 674 2444 caute
690 2382 872 2455 observatis,
896 2383 948 2441 ubi
964 2393 1067 2462 gentes
1083 2386 1159 2445 inter
1177 2403 1209 2445 se
1232 2386 1372 2444 dimican-

273 2499 319 2549 tes
336 2488 485 2561 viderent,
508 2486 667 2546 debiliores
685 2503 801 2560 semper
817 2483 957 2543 adiuvare
975 2485 1170 2558 affectabant,
1188 2506 1248 2562 quo
1266 2486 1373 2545 certius

325 2721 350 2783 l)
368 2721 422 2772 Cir.
440 2721 502 2769 nur.
520 2720 615 2769 Ninive
633 2735 657 2768 u.
676 2732 696 2767 s.
715 2718 820 2768 Ueberr.
839 2735 863 2782 p.
879 2719 938 2768 422.
973 2719 1036 2770 Bon.
1055 2721 1070 2770 l.
1084 2721 1100 2769 l.
1118 2738 1143 2785 p.
1155 2721 1204 2770 130
1219 2736 1252 2770 ss.
1288 2719 1374 2770 Gossn

273 2807 384 2869 Assyria
399 2821 423 2868 p.
438 2803 590 2853 104-114.
625 2801 758 2852 Animalia
780 2803 838 2864 illa,
861 2817 927 2866 quae
951 2805 1098 2870 saepissime
1121 2805 1222 2867 quidem
1245 2805 1272 2853 in
1293 2804 1374 2868 portis

273 2889 426 2954 palatiorum
455 2887 607 2946 constituta,
629 2899 717 2934 verum
735 2885 799 2934 alias
817 2899 917 2948 quoque
934 2891 1107 2953 reperiuntur,
1134 2905 1191 2939 cum
1209 2889 1267 2938 aliis
1283 2887 1375 2936 belluis

275 2989 296 3024 s.
318 2987 375 3024 cnm
396 2969 542 3020 hominibus
565 2968 713 3018 dimicantia
730 2969 783 3031 (cir.
802 2970 888 3022 Gossn
906 2972 922 3020 l.
937 2971 973 3034 l.),
997 2973 1209 3034 quemadmodum
1232 2972 1300 3036 apud
1322 2972 1375 3020 He·

274 3058 366 3107 bracos
383 3053 523 3106 cherubini
550 3067 662 3102 summas
684 3054 780 3116 ingenii
801 3062 825 3105 et
848 3059 961 3122 corporis
984 3058 1051 3106 vires
1068 3058 1216 3107 coniunctas
1233 3055 1376 3118 significare

274 3139 401 3190 videntur.
436 3137 555 3188 Ceterum
579 3143 675 3197 quanto
699 3139 780 3186 maior
802 3140 943 3190 intercedat
967 3141 1105 3190 similitudo
1128 3143 1196 3191 inter
1217 3140 1376 3192 cherubinos

276 3231 303 3276 et
312 3223 478 3289 Assyriorum
489 3221 586 3285 species
597 3221 664 3282 illas,
673 3233 750 3281 quam
762 3238 818 3272 cum
830 3225 1016 3288 Aegyptiorum
1028 3224 1176 3298 sphingibus
1188 3225 1242 3287 (cfr.
1250 3225 1375 3274 Harum.

276 3311 342 3374 Aeg.
360 3323 386 3356 u.
404 3305 429 3355 d.
447 3305 548 3355 Biioher
564 3304 646 3353 Mosie
664 3321 688 3369 p.
704 3306 872 3370 ico-164),
889 3309 950 3357 inde
967 3312 1055 3358 statim
1072 3316 1192 3373 apparet,
1209 3309 1279 3370 quod
1290 3310 1376 3372 Aegy·

276 3395 346 3458 ptiae
362 3389 462 3440 belluae
480 3401 617 3450 numquam
634 3389 688 3438 fere
705 3391 753 3439 alis
770 3399 878 3443 ornatae
895 3399 966 3454 sunt;
989 3405 1049 3441 rara
1070 3392 1187 3454 exempla
1207 3391 1376 3441 nonnullaab

278 3476 393 3539 Assyriis
409 3473 518 3536 repetita
536 3471 661 3535 videntur,
679 3474 723 3522 cfr.
741 3475 803 3526 Lar.
821 3475 883 3525 ibid.
901 3476 1040 3524 Praeterea
1051 3474 1129 3521 etiam
1140 3475 1241 3536 palmae
1259 3481 1284 3525 et
1301 3475 1378 3524 florea

277 3562 356 3620 istae,
373 3559 501 3617 bovesque
519 3561 546 3606 et
562 3557 665 3618 leones,
681 3569 788 3618 quorum
805 3559 957 3622 imaginibus
971 3556 1076 3608 Salomo
1094 3556 1182 3620 templi
1199 3573 1285 3608 muros
1304 3573 1377 3608 exor-

278 3645 350 3694 navit
370 3642 425 3704 (cir.
444 3640 535 3702 laag.
548 3640 598 3702 VI,
613 3641 646 3690 32
662 3655 695 3690 ss.
714 3639 781 3702 VH,
798 3643 831 3691 29
844 3643 900 3704 ss),
928 3641 991 3689 mire
1014 3639 1150 3691 concinunt
1173 3653 1230 3688 cum
1252 3641 1377 3690 eiusmodi

279 3733 402 3790 apparatu
425 3723 495 3772 baud
516 3737 575 3771 raro
598 3722 666 3786 apud
683 3724 805 3786 Assyrios
823 3730 940 3790 reperto,¹
956 3723 1000 3771 cfr.
1018 3723 1079 3771 Lar.
1095 3722 1138 3786 lig.
1149 3723 1258 3784 3l‚a.b.
1287 3723 1378 3784 Neque

279 3823 341 3858 vero
357 3807 461 3871 probari
478 3795 531 3855 ullo
548 3803 626 3855 modo
642 3813 740 3870 potest,
764 3809 857 3857 alteras
880 3808 976 3871 species
1000 3807 1032 3855 ab
1055 3807 1143 3856 alteris
1165 3821 1221 3856 esse
1243 3805 1377 3856 delibatas.

280 3890 380 3952 Quare,
409 3889 458 3938 nisi
474 3888 541 3937 forte
557 3887 655 3940 Βοιιοι.
673 3896 773 3940 secutus
790 3891 907 3940 Paradisi
925 3892 1075 3939 memoriam
1091 3891 1118 3938 in
1135 3891 1248 3940 omnium
1264 3889 1378 3954 gentium
1447 3894 1450 3902 '

280 3973 405 4026 eiusmodi
428 3971 578 4020 animalibus
600 3974 705 4037 reperiri
727 3976 925 4036 existimaveris,
947 3974 1185 4024 mtiustunnmo
1202 3975 1378 4034 assentiemur,

282 4061 325 4122 qui
340 4055 484 4110 consimiles
501 4057 669 4118 cogitationes
687 4064 763 4119 atque
780 4059 899 4107 notiones
921 4059 1073 4121 symbolicas
1096 4060 1174 4108 simili
1196 4060 1295 4110 ratione
1317 4072 1377 4108 con·
1476 4105 1480 4114 ,

280 4144 404 4194 formatas
422 4154 478 4190 esre
495 4138 583 4201 docet,
601 4139 683 4192 Guua.
702 4147 727 4190 et
744 4141 902 4194 Runsnescn.
920 4141 1043 4194 Zeitschr.
1062 4144 1142 4204 1853,
1159 4143 1186 4204 Ι,
1203 4157 1228 4206 p.
1242 4143 1290 4191 137
1303 4155 1335 4190 ss.

331 4227 358 4288 ’3)
373 4225 425 4275 Cir.
442 4225 504 4274 Bor.
522 4226 539 4273 l.
551 4226 569 4274 1.
588 4241 612 4289 p.
626 4226 683 4277 134.

332 4307 357 4369 3)
374 4309 426 4359 Cir.
443 4307 512 4359 Nah.
528 4308 582 4368 111,
599 4310 624 4358 4.
