3122 5002
277 311 325 380 84
678 313 749 372 On.
765 314 810 385 11,
827 332 853 371 v.
869 303 979 370 12-14'.

276 502 381 576 raptae
397 515 616 557 cavannacum
633 506 661 554 ct
676 499 768 554 lamro
784 515 838 554 sua
854 498 983 554 laniato!
1027 495 1159 553 Absente
1177 493 1288 565 verbo,
1312 511 1383 569 snp-

275 599 414 676 plendum
432 607 477 658 est
494 613 543 658 um
564 592 624 671 pau
647 613 732 655 ntus.
775 613 825 676 ηε
850 596 979 654 literato:
997 595 1027 652 in
1045 595 1234 666 sufficientia,
1253 593 1274 652 i.
1292 613 1317 651 e.
1337 613 1384 652 se-

276 701 403 760 cundum
421 718 507 759 usum
529 705 560 755 ct
582 697 803 769 necessitatem,
817 677 853 750 ἐ·-
875 715 946 772 pro,
970 695 1023 753 cfr.
1040 695 1121 753 Hah.
1139 695 1185 767 H,
1205 699 1253 766 133
1276 693 1381 752 Ierem.

275 801 331 872 LI,
350 804 393 858 58.
418 799 607 860 Gaurusmus
625 805 719 856 artem
736 805 821 856 notat
837 815 941 873 regum
957 795 1171 872 Assyriorum,
1197 795 1250 872 qui
1265 795 1334 852 filiis
1352 804 1383 853 et

276 901 497 962 successoribus
509 907 627 958 anctum
639 899 777 974 deinceps
790 907 820 956 et
833 896 1045 974 amplificatum
1058 895 1233 955 tradiderint
1241 913 1381 971 regnum

276 1010 307 1061 at
324 1001 416 1060 totius
433 1001 533 1077 potius
551 998 784 1076 comparationis
802 1017 912 1075 scopus
925 997 1109 1056 exhibendus
1122 1003 1183 1068 est,
1201 1015 1296 1073 neque
1308 1015 1381 1054 vero

276 1101 400 1178 singulis
416 1119 597 1177 magnopere
613 1100 792 1159 instandum.
820 1115 876 1174 arn
906 1097 954 1156 Pi.
978 1097 1125 1156 suffocare
1148 1095 1259 1156 isam.
1277 1096 1380 1168 XVII,

275 1205 323 1273 233
341 1201 401 1260 Ios.
420 1201 495 1273 VH,
515 1203 556 1258 15.
587 1215 649 1277 aaa
665 1199 787 1276 proprie
809 1200 971 1258 laceratum
988 1197 1115 1274 aliquid,
1139 1197 1244 1256 deinde
1266 1197 1380 1272 saepis·

274 1302 349 1360 sime
361 1301 484 1377 rapina,
498 1301 625 1376 praeda,
639 1301 692 1358 cir.
705 1300 768 1372 III,
783 1305 813 1371 13
827 1299 918 1358 Num.
932 1297 1057 1370 XXHI,
1071 1301 1119 1370 24;
1135 1296 1211 1358 Gen.
1223 1297 1379 1369 XLIX,4;

274 1401 332 1460 Ies.
349 1402 411 1474 III,
430 1405 460 1473 13
478 1401 530 1459 Ps.
548 1400 697 1472 LXXVI,
714 1403 731 1458 5
759 1416 822 1475 uum
843 1417 934 1478 anan,
961 1406 1076 1457 montes
1097 1399 1220 1474 rapinae
1243 1396 1380 1456 dicuntur

274 1519 366 1578 regna
379 1501 536 1560 mundana.
563 1499 701 1559 Ceterum
715 1499 773 1559 nisi
787 1519 803 1558 ε
815 1500 847 1558 ll.
861 1518 901 1558 ss.
915 1497 1065 1575 cognitum
1079 1499 1271 1570 haberemus,
1285 1517 1379 1576 quan-

275 1610 377 1678 topere
402 1610 432 1660 et
447 1600 587 1660 Israelem
611 1609 640 1658 et
661 1608 764 1676 gentes
788 1600 953 1675 complures
978 1609 1123 1658 exuerunt
1144 1597 1280 1676 Assyrii,
1309 1598 1379 1674 ipsa

273 1720 329 1761 nos
346 1708 536 1761 monumenta
559 1700 714 1773 docerent,
739 1719 815 1778 quae
837 1700 911 1757 nihil
934 1699 1052 1774 saepius
1076 1719 1166 1776 quam
1190 1699 1302 1758 tributa
1324 1717 1380 1774 per

274 1803 333 1861 rim
350 1802 492 1878 imposita
510 1809 540 1860 ct
555 1801 654 1876 spolia
676 1801 805 1878 undti
827 1801 969 1860 exhibent
990 1807 1140 1876 congesta.
1166 1815 1251 1860 traam
1280 1799 1378 1856 forma

273 1904 320 1962 vel
342 1911 465 1978 propter
490 1920 631 1978 pausam,
654 1897 703 1960 ‘vel
725 1901 926 1978 amplificandi
948 1919 1054 1959 caussa
1075 1901 1237 1975 producta,
1262 1919 1378 1974 semper

272 2003 419 2078 significat
442 2002 587 2060 laniatum
613 2001 744 2079 aliquid,
768 2002 821 2060 cir.
838 2000 934 2059 Levit.
952 2001 1061 2072 XXII,
1086 2004 1103 2058 5
1130 1999 1287 2058 coniuncta
1311 2019 1378 2058 cum

272 2099 361 2180 ³522,
388 2102 463 2174 VH,
481 2107 530 2178 243
559 2102 660 2160 Exod.
678 2102 787 2172 XXII,
808 2107 856 2171 123
885 2101 991 2160 Erech.
1009 2100 1064 2173 IV,
1083 2106 1124 2160 14.
1155 2118 1209 2166 aru
1241 2119 1377 2172 caverna,

271 2203 404 2260 foramen
430 2201 520 2261 Hmz.
549 2201 647 2260 minus
671 2209 741 2277 apte
765 2202 801 2259 de
831 2200 966 2261 leonibus
996 2201 1054 2259 dici
1083 2200 1249 2271 existimat,
1287 2219 1376 2276 quam

271 2304 307 2362 de
324 2303 508 2374 latronibus3
527 2303 580 2361 cfr.
599 2310 697 2362 tamen
715 2303 877 2360 Boounarr
894 2300 1014 2360 Hieron.
1034 2301 1064 2372 l,
1082 2305 1149 2372 7373
1169 2306 1179 2358 1
1196 2299 1276 2360 Sam.
1289 2301 1375 2372 XIV,

272 2407 321 2474 113
339 2404 404 2462 lob.
424 2403 536 2475 XXX,
554 2408 580 2461 6.

782 2676 809 2713 v.
831 2660 872 2712 14.

319 2807 369 2863 Ea
385 2824 428 2863 me
445 2806 485 2862 acl
502 2815 542 2874 te,
559 2805 662 2862 dictam
680 2805 798 2863 Domini
814 2808 1001 2864 exercituum!
1024 2816 1051 2864 et
1072 2806 1201 2864 cantharo
1211 2808 1293 2880 firmo
1310 2824 1375 2864 car·

269 2923 318 2963 raa
336 2909 408 2976 cias,
426 2915 453 2963 et
469 2906 559 2962 leonae
572 2913 633 2962 tuoe
645 2907 757 2962 iuvenes
770 2915 909 2964 consumet
927 2908 1055 2980 eladius,
1072 2916 1100 2965 et
1112 2909 1239 2965 acsciado
1253 2925 1286 2963 ac
1296 2915 1376 2963 ,terra

267 3009 401 3080 rapinam
424 3015 515 3074 mam,
546 3007 749 3063 accendatur
773 3007 894 3082 amplias
916 3025 971 3064 coc
996 3011 1157 3066 cantiorum
1182 3009 1312 3065 tamne!
1337 3039 1373 3048 —

269 3105 526 3180 Quemadmodum
551 3113 701 3166 extremus
726 3107 815 3182 primi
841 3106 947 3182 capitis
971 3125 1075 3167 versus
1104 3107 1228 3166 Domini
1258 3107 1376 3164 induxit

255 3225 375 3265 nomen
393 3216 423 3265 et
438 3206 611 3283 imperinm,
634 3207 678 3266 ita
700 3207 759 3266 hoc
776 3226 895 3285 quoque
912 3207 1144 3284 exstinguendae
1161 3207 1234 3266 Nini
1250 3207 1375 3284 propria

267 3307 441 3384 indigitatur
464 3325 584 3380 caussa,
609 3306 757 3368 Dominus
781 3308 981 3380 exercituum,
1013 3309 1096 3369 cuius
1119 3308 1281 3385 appellatio
1310 3308 1374 3366 exi-

270 3407 361 3466 mium
378 3407 569 3484 sequentibus
587 3426 706 3484 quoque
728 3407 829 3467 adiicit
851 3408 979 3484 pondus.
1006 3404 1077 3482 aria
1098 3425 1165 3469 *riu
1194 3409 1373 3468 succinctum

267 3508 382 3566 dicendi
411 3525 520 3583 genus,
552 3525 613 3564 non
647 3526 717 3566 raro
746 3508 884 3580 obvium,
915 3509 969 3567 cir.
994 3508 1104 3581 111‚5;
1134 3508 1310 3582 Ierele,
1323 3511 1372 3580 25,

271 3601 345 3680 ut'iu
373 3609 481 3666 Erech.
501 3607 640 3666 XXVIII
647 3651 655 3680 ,
686 3613 734 3680 223
764 3626 1016 3684 supervacaneum
1045 3615 1091 3668 cst
1123 3610 1261 3686 supplere
1294 3625 1373 3673 cina

266 3705 472 3787 (Rauranum),
492 3726 557 3765 cum
575 3707 714 3766 motionis
732 3716 761 3766 et
778 3708 948 3769 directionis
966 3710 1050 3768 notio
1068 3710 1252 3768 contincatur
1269 3728 1371 3786 praep.

266 3799 317 3882 is,
341 3807 393 3864 cfr.
411 3806 498 3878 adl,
517 3811 549 3878 93
575 3807 627 3864 cir.
653 3807 719 3865 Iob.
737 3808 863 3880 XXXI,
882 3812 915 3866 23
938 3807 989 3872 *Hcs
1011 3823 1082 3870 unu.
1117 3807 1191 3870 suff.
1217 3811 1301 3881 fem,
1328 3809 1373 3867 uti

266 3916 353 3965 antea
370 3905 507 3983 saepius,
526 3905 639 3964 Ninum
654 3907 801 3983 indigitat.
827 3909 912 3968 Haec
934 3909 1025 3985 igitur
1041 3917 1103 3966 tam
1124 3911 1234 3970 atrocis
1252 3910 1370 3982 excidii,

265 4007 337 4066 haec
355 4015 416 4065 tam
438 4006 566 4082 ingentis
583 4007 789 4083 trepidationis
807 4027 914 4068 caussa
931 4019 991 4068 est:
1017 4007 1166 4068 Dominus
1183 4009 1250 4086 ipse
1267 4011 1371 4069 adver-

266 4126 316 4166 sus
332 4107 445 4165 Ninum
462 4116 562 4166 movet
579 4115 693 4180 castra,
712 4107 859 4168 Dominus
878 4115 938 4182 est,
958 4109 1009 4187 qui
1026 4128 1080 4184 per
1096 4109 1293 4168 instrumenta
1309 4109 1371 4168 irae

265 4225 337 4265 suae
355 4216 445 4284 atque
462 4207 582 4266 talionIs
600 4209 745 4284 stupenda
763 4209 815 4267 illa
833 4209 933 4268 omnia
950 4219 1040 4286 atque
1057 4209 1206 4269 horrenda
1220 4217 1369 4286 operatur.

264 4307 329 4365 lam
347 4316 379 4365 ut
397 4307 589 4384 intelligatur,
607 4309 749 4384 quidnam
768 4309 825 4368 sibi
839 4310 925 4382 velit,
945 4311 994 4368 ubi
1012 4310 1160 4370 Dominus
1178 4311 1243 4386 ipse
1261 4312 1300 4369 ad
1317 4330 1370 4368 ex·
