3124 4988
500 339 525 414 ξ.
544 344 570 396 5.
598 339 647 396 Da
666 356 763 397 nantis
780 341 988 399 Assvmoauu.
1194 360 1294 402 xxxix

247 522 331 596 Quae
349 541 414 580 cum
432 523 476 580 ita
493 521 567 594 sint,
586 521 638 579 vix
655 522 709 595 iis,
728 541 804 598 quae
820 543 868 581 vv.
887 523 935 580 dd.
953 522 997 580 illi
1014 523 1121 599 singuli
1139 526 1196 584 sibi
1214 528 1294 604 quis-

195 641 253 698 que
269 622 405 680 videntur
421 622 610 693 elaborasse,
632 622 705 681 fides
733 624 851 680 omnino
876 623 932 681 erit
953 641 1115 700 permagna
1133 626 1292 698 habenda3

195 741 291 798 neque
308 722 432 780 enimin
449 734 511 779 tem
527 722 639 780 incerto
656 730 747 799 atque
764 724 899 782 mutabili
916 723 1007 783 totius
1024 723 1196 800 disciplinae
1214 735 1293 784 statu

196 823 354 900 quicquam
372 841 428 897 pro
448 831 528 880 certo
550 831 639 900 atque
656 825 813 898 explorato
836 832 936 900 potest
957 824 1060 899 accipi.
1085 827 1127 884 At
1150 845 1220 883 vero
1243 827 1294 884 ubi

195 921 361 999 dediverso
374 921 495 980 fiduciae
512 923 643 995 modulo,
662 944 738 1000 quae
755 925 859 1002 cuique
875 924 1028 1000 largienda
1050 926 1105 998 sit,
1132 927 1293 1002 quaeritur,

194 1021 266 1078 nihil
284 1022 464 1099 reliquorum
485 1021 713 1083 detractabimus
730 1023 916 1097 auctoritati,
934 1024 1169 1100 cumplurimum
1183 1027 1293 1086 tribua·

196 1141 260 1180 mus
275 1123 514 1195 Rnwamsonm,
533 1124 644 1201 quippe
661 1125 786 1203 quinon
804 1126 899 1184 solnm
913 1125 1059 1184 ditissima
1070 1127 1294 1202 inscriptionum

195 1221 368 1281 collectione
390 1223 558 1282 sublevetur
581 1233 671 1301 atque
692 1227 723 1283 in
747 1227 874 1302 Assyria
903 1223 1089 1302 antiquitate
1109 1228 1295 1304 exploranda

164 1320 167 1326 ’
196 1331 276 1382 totus
293 1332 440 1395 versetur,
465 1326 688 1398 verumetiam,
714 1346 779 1384 cum
803 1326 854 1384 alii
877 1327 913 1384 de
930 1325 1053 1401 singulis
1071 1334 1185 1384 tantum
1202 1327 1295 1402 parti-

195 1424 250 1481 bus
268 1441 337 1484 suas
351 1424 564 1483 declaraverint
578 1427 754 1499 sententias,
772 1427 837 1502 ipse
850 1427 931 1485 solus
942 1427 1002 1484 fere
1016 1425 1183 1485 universam
1196 1447 1295 1486 rernm

195 1525 387 1599 Assyriarum
404 1524 560 1583 historiam
578 1527 751 1601 complexus
773 1527 880 1584 idoneo
906 1535 1064 1602 conspectu
1089 1529 1293 1602 proposuerit3

197 1644 232 1681 ac
248 1624 318 1682 licet
334 1625 365 1681 in
383 1625 533 1684 nonnullis
550 1627 639 1683 rebus
657 1627 831 1684 sententiam
849 1647 932 1686 suam
955 1627 1171 1700 immutaverit,
1198 1637 1296 1686 tamen

196 1725 326 1782 maxime
342 1725 373 1782 in
391 1725 519 1782 animum
537 1725 683 1801 fidemque
696 1727 854 1801 legentium
867 1745 932 1784 sese
947 1726 1097 1784 insinuare
1114 1727 1207 1798 valet,
1226 1728 1297 1803 quia

198 1833 280 1881 certa
297 1825 335 1882 ab
353 1824 473 1882 incertis
490 1833 551 1882 tam
569 1825 721 1900 distinguit
738 1826 803 1901 ipsc
821 1845 909 1903 quam
928 1834 1070 1901 perpetuo
1090 1826 1297 1902 distinguenda

200 1932 318 1982 monet.¹
342 1924 412 1982 Non
436 1925 535 1982 omnia
561 1935 657 1984 tamen
682 1929 744 1986 eius
767 1927 877 2002 placita
899 1927 1001 1984 eodem
1022 1927 1195 1984 habebimus
1219 1927 1296 1999 loco,

198 2025 249 2083 sed
267 2045 302 2082 ea
320 2045 452 2098 summo,
471 2045 548 2103 quae
565 2027 691 2086 aliorum
709 2047 854 2086 consensu
872 2027 966 2103 magis
984 2027 1072 2086 etiam
1090 2028 1297 2085 commendan-

196 2137 253 2183 tur.
272 2159 308 2168 -
326 2127 409 2202 Ergo
427 2147 492 2185 eam
509 2129 730 2200 auctoritatem,
749 2149 842 2205 quam·
856 2130 1015 2187 secundum
1031 2137 1113 2188 ratas
1125 2128 1192 2186 fidei
1204 2129 1297 2186 histo·

197 2227 276 2284 ricae
299 2227 379 2302 leges
405 2227 574 2288 domesticis
603 2229 733 2306 gentium
763 2229 959 2288 monumentis
991 2229 1119 2288 tribuere
1147 2229 1297 2300 debemus,

197 2327 328 2384 nondum
357 2327 395 2386 iis
418 2328 549 2388 valemus
579 2328 697 2404 largiri3
727 2330 770 2386 ita
793 2337 890 2386 autem
914 2340 1029 2386 utemur
1052 2329 1104 2401 iis,
1131 2337 1162 2386 nt
1189 2327 1298 2385 indicia

198 2445 299 2482 eorum
316 2435 401 2500 grato
419 2428 518 2484 animo
541 2426 720 2502 accipiamus
744 2429 783 2485 ad
807 2428 1027 2502 comprobanda
1051 2437 1081 2486 et
1098 2428 1299 2486 confirmanda

198 2546 249 2598 ea,
268 2545 344 2603 quae
361 2526 479 2584 aliunde
495 2527 604 2584 dudum
621 2528 731 2586 fuerint
748 2529 958 2587 demonstrata.

247 2626 331 2684 Haec
347 2635 444 2685 autem
462 2628 538 2686 ratio
557 2628 615 2686 nisi
632 2629 669 2686 de
684 2628 927 2704 inscriptionibus
945 2647 1004 2686 non
1024 2627 1102 2686 valet
1108 2649 1116 2699 3
1135 2645 1203 2685 nam
1221 2645 1298 2702 quae

199 2747 237 2784 ex
254 2728 327 2802 ipsis
346 2729 512 2807 tabularum
529 2728 708 2805 imaginibus
726 2729 880 2805 diligenter
897 2729 973 2787 inter
991 2747 1023 2787 sc
1040 2727 1156 2786 collatis
1179 2724 1298 2784 videan·

200 2840 247 2885 tur
264 2837 381 2902 patere,
399 2829 436 2888 iis
453 2848 512 2886 non
531 2839 576 2888 est
593 2830 751 2906 quominus
767 2830 888 2890 liberius
905 2838 1032 2900 utamur,
1050 2827 1081 2884 id
1100 2827 1181 2903 quod
1197 2827 1229 2884 in
1246 2843 1298 2886 ex-

199 2928 344 3003 plicandis
361 2929 548 3003 potissimum
565 2929 696 2987 Nahumi
715 2931 812 2989 verbis
831 2930 1003 3005 saepissime
1020 2927 1201 2986 admisimus.

249 3029 313 3086 Iam
331 3048 401 3086 vero
419 3030 506 3088 sicuti
529 3031 649 3087 omnino
673 3011 707 3088 in
726 3031 847 3088 incertis
871 3030 959 3088 rebus
981 3029 1123 3086 librorum
1149 3045 1300 3086 sacrorum

200 3129 254 3186 lux
271 3128 435 3186 certissima
451 3148 486 3186 eo
505 3130 631 3205 amplius
653 3132 730 3190 solet
751 3131 905 3204 splendere
922 3137 1011 3204 atque
1022 3130 1149 3185 obscura
1164 3126 1229 3184 loca
1241 3127 1301 3183 col-

200 3229 346 3298 lustrare,
365 3228 408 3286 ite
425 3229 540 3286 etiamsi
559 3229 659 3287 divina
676 3249 776 3286 eorum
797 3229 912 3285 indoles
930 3228 1158 3301 posthabentur,
1185 3226 1231 3282 vel
1247 3227 1300 3282 hu-

201 3348 289 3387 mano
307 3329 370 3385 iure
384 3328 561 3404 gravissima
579 3337 661 3399 sunt,
688 3347 765 3404 quae
782 3330 818 3384 de
835 3327 1028 3401 Assyriorum
1045 3326 1134 3383 rebus
1152 3325 1301 3393 exhibent,

202 3431 343 3506 quoniam
360 3435 412 3487 aot
429 3430 466 3486 ab
483 3429 520 3488 iis
538 3436 662 3486 exarata
679 3437 762 3498 sunt,
790 3427 841 3504 qui
859 3445 934 3502 quas
952 3425 1121 3484 describunt
1137 3427 1226 3483 rebus
1243 3423 1301 3498 ipsi

202 3530 404 3600 interfuerint,
428 3536 481 3586 aut
504 3547 541 3586 ex
565 3547 666 3586 eorum
689 3527 807 3603 scriptis
826 3527 904 3585 haud
921 3527 964 3584 ita
982 3526 1075 3584 multo
1093 3533 1163 3601 post
1180 3525 1217 3582 ab
1235 3521 1302 3582 aliis

203 3629 339 3704 religiose
362 3630 500 3688 delibata.
527 3629 611 3702 Quae
634 3638 732 3687 autem
757 3628 800 3686 sic
822 3627 933 3685 tradita
956 3626 1143 3701 accepimus,
1175 3644 1209 3682 eo
1235 3632 1304 3682 sunt

203 3731 347 3804 ampliore
370 3729 506 3788 habenda
522 3730 605 3801 loce,
630 3730 710 3806 quod
734 3729 770 3786 de
793 3728 907 3804 origine
923 3727 1026 3803 populi
1051 3735 1079 3785 et
1101 3726 1204 3802 primis
1222 3723 1303 3800 regni

205 3829 296 3887 initiis
313 3828 386 3885 talia
402 3829 471 3886 inde
488 3831 636 3902 docemur,
663 3829 764 3906 qualia
781 3849 840 3886 non
858 3829 1018 3904 mythicam
1036 3827 1164 3885 indolem
1182 3845 1255 3901 prae
1272 3845 1304 3881 se

203 3930 315 3999 ferant,
334 3947 435 3986 verum
452 3930 490 3986 ad
508 3930 682 4004 exploratae
699 3930 841 3988 historiae
858 3929 1032 4004 dignitatem
1050 3927 1237 3986 strationem
1251 3943 1304 3998 ep·

205 4191 290 4241 There
307 4191 367 4252 they
385 4189 433 4246 lie,
451 4188 472 4235 it
489 4187 511 4234 is
528 4186 598 4247 said,
616 4187 643 4235 iu
661 4187 727 4249 huga
745 4194 819 4237 stoue
837 4185 1006 4250 scropham,
1024 4184 1088 4232 with
1100 4183 1245 4247 ponderous
1257 4179 1307 4228 lids

204 4275 343 4324 decorated
359 4273 423 4322 with
441 4271 484 4320 the
502 4271 576 4332 royal
593 4278 741 4319 ornaments
758 4271 811 4321 and
828 4277 956 4331 costuma,
976 4270 1031 4333 just
1048 4281 1076 4318 as
1094 4266 1156 4330 they
1175 4279 1244 4316 were
1262 4264 1306 4314 de-

206 4360 308 4420 posited
325 4373 396 4409 more
414 4357 476 4407 than
494 4358 561 4407 3000
579 4369 654 4419 years
671 4356 745 4418 ego.“
