3126 5000
266 321 329 362 mrx
599 302 844 358 Protheonem.
870 299 942 357 Car.
961 297 1016 355 111.

267 489 315 564 gie
331 485 450 543 claudit.
477 483 635 542 Corollarii
653 483 873 560 quodammodo
889 442 973 554 loco,
991 483 1043 558 qui
1056 479 1210 540 Chaldaici
1228 478 1371 556 temporis

268 586 427 647 secundum
449 592 528 642 tenet
544 585 657 657 locum,
674 584 876 642 anflnmffl¹
893 584 984 642 breve
1001 591 1030 642 et
1047 582 1227 641 succinctum
1245 581 1282 638 de
1290 579 1372 638 Nino

269 687 384 746 addidit
401 685 587 757 vaticinium,
605 687 701 762 quod,
720 705 786 743 cum
800 684 984 760 oppugnatio
1000 683 1080 741 urbis
1091 683 1152 741 iam
1164 691 1271 758 coepta
1283 691 1372 754 esset,

269 807 307 846 ne
322 788 468 844 humanae
485 786 603 861 quidem
621 785 798 844 dubitationi
814 784 906 842 ullam
922 784 1062 860 relinquit
1075 801 1189 842 ansam.
1214 782 1372 842 Postremo

268 884 452 945 Ezncrrmn’
467 885 643 944 immensam
659 885 736 943 tanti
752 883 869 960 imperii
885 884 1002 942 ruinam
1014 884 1170 959 praeclara
1182 870 1375 940 similitudine

270 985 438 1062 deploravit
466 993 496 1043 et
517 993 659 1062 tanquam
688 994 776 1043 atrox
805 984 1036 1060 omnipotentiae
1069 983 1187 1042 divinae
1218 983 1375 1058 proposuit

271 1087 447 1161 exemplum.

322 1187 423 1260 Quare
440 1204 506 1244 cum
523 1195 613 1261 caput
630 1186 796 1260 argumenti
805 1205 872 1244 cnm
884 1185 952 1244 aliis
964 1181 1261 1242 vaticiniisNahnmo
1275 1182 1375 1240 videa·

272 1305 337 1345 mus
351 1293 508 1344 commune
525 1304 605 1356 esse,
629 1285 788 1360 singularis
811 1296 910 1344 tamen
934 1284 1047 1343 oraculi
1072 1284 1151 1341 ratio
1175 1291 1265 1359 atque
1286 1301 1375 1358 pecu·

272 1387 356 1444 liaris
379 1386 410 1442 in
438 1403 473 1442 eo
491 1385 619 1461 primum
637 1386 831 1460 conspicitur,
857 1387 938 1462 quod
955 1384 1149 1460 Assyriorum
1171 1383 1303 1440 interitui
1326 1384 1376 1440 de-

275 1486 430 1546 scribendo
448 1485 607 1560 plurimum
624 1485 742 1558 tribuit,
765 1486 975 1544 redemtionem
993 1486 1169 1543 Iudaeorum
1186 1483 1289 1559 paucis
1310 1491 1377 1540 tan-

276 1597 338 1646 tum
356 1583 521 1656 deelarat³,
549 1593 639 1662 atque
652 1587 727 1644 adeo
745 1587 818 1646 satis
835 1587 997 1646 luculenter
1014 1585 1142 1643 ostendit
1159 1584 1263 1642 salutis
1280 1583 1377 1642 notio-

274 1706 341 1744 nem
365 1687 395 1744 in
412 1685 450 1744 V.
469 1685 517 1742 Το
531 1685 671 1760 ,maxime
695 1687 824 1761 positam
851 1705 917 1746 esse
938 1685 968 1744 in
994 1685 1151 1744 securitate
1174 1684 1212 1742 ab
1239 1684 1377 1742 hostibus

275 1786 476 1862 adipiscenda.
518 1783 625 1862 Neque
647 1805 718 1843 vero
736 1787 895 1844 secundnm
911 1785 1044 1844 Nahumi
1061 1785 1241 1856 doctrinam,
1259 1784 1377 1860 qualem

274 1887 304 1944 in
323 1906 382 1944 uno
399 1886 457 1942 hoc
473 1885 574 1944 libello
591 1886 735 1944 habemns
753 1906 942 1963 expressam,
960 1885 1080 1944 Israelis
1095 1885 1176 1942 salus
1192 1893 1223 1941 et
1234 1884 1377 1942 redemtio

274 1987 313 2044 ad
331 2005 477 2044 summum
494 1987 581 2043 finem
601 2004 686 2043 sunm
704 1987 850 2063 simulque
867 1986 1014 2044 cumulum
1032 1985 1141 2062 vergit,
1161 1984 1256 2061 quiin
1268 1985 1379 2043 Messia

275 2086 391 2161 positus
402 2094 461 2142 est:
481 2085 553 2142 nihil
564 2086 641 2142 enim
654 2086 685 2142 in
698 2086 839 2144 vaticinio
854 2087 917 2146 eius
930 2086 1167 2162 deprehenditur,
1186 2085 1267 2161 qnod
1284 2085 1378 2160 probe

275 2184 420 2261 appellari
444 2195 548 2260 posset
569 2185 765 2244 Messianum:
790 2186 893 2263 negari
918 2196 1017 2244 tamen
1042 2185 1161 2263 nequit,
1192 2203 1252 2243 non
1280 2185 1378 2261 prima

274 2295 388 2344 tantum
406 2285 527 2344 alterius
544 2285 650 2360 capitis
668 2286 788 2359 verba⁴‚
811 2307 913 2344 verum
936 2287 1028 2345 totins
1050 2285 1163 2344 oraculi
1185 2286 1273 2362 quasi
1298 2305 1377 2344 sum·

275 2405 370 2457 mam,
388 2386 572 2446 eversionem
587 2386 704 2461 imperii
721 2387 862 2446 secularis
880 2396 971 2464 atque
987 2387 1083 2464 gentis
1101 2405 1202 2445 sacrae
1224 2363 1377 2444 liberatio:

275 2506 341 2544 nem
358 2493 387 2543 et
403 2486 630 2560 restitutionem,
647 2487 678 2544 in
697 2485 817 2547 Christo
834 2490 951 2546 demum
968 2488 1090 2564 eiusque
1106 2505 1198 2563 regno
1217 2487 1333 2545 absolvi
1350 2495 1380 2544 et

275 2585 426 2645 cumulari.
453 2585 530 2644 Tum
549 2606 620 2646 vero
637 2587 723 2646 sicuti
740 2608 759 2646 a
775 2589 840 2646 zelo
857 2589 979 2647 Domini
996 2600 1026 2646 et
1043 2588 1161 2664 energia
1182 2587 1378 2664 proficiscitur

275 2687 306 2759 I,
324 2692 356 2758 2,
376 2705 452 2763 quae
468 2696 653 2762 peccatorem
669 2706 729 2746 non
743 2689 872 2746 dimittat
886 2689 1049 2760 insontem,
1067 2689 1110 2748 ita
1127 2707 1180 2764 per
1198 2707 1285 2746 omne
1301 2688 1378 2746 vati·

277 2786 385 2842 ciuium
408 2785 528 2844 talionis
552 2787 669 2844 divinae
691 2795 721 2846 et
751 2789 954 2848 retributionis
985 2789 1145 2847 declaratio
1175 2789 1224 2846 vel
1257 2789 1379 2847 latitans
1438 2859 1442 2864 Ι
1547 2837 1548 2844 ,

278 2885 498 2960 quodammodo
516 2887 570 2943 snb
589 2888 760 2961 superficie,
778 2889 825 2947 vel
843 2891 975 2964 apertius
986 2908 1130 2965 expressa
1143 2889 1380 2964 deprehenditur,

277 2984 309 3042 id
331 2985 411 3060 quod
433 2985 464 3041 in
487 2985 611 3062 singulis
636 2987 773 3064 deinceps
798 2990 872 3048 loeis
896 2989 1080 3066 explicandis
1104 2990 1294 3049 ostendimus.
1332 2991 1380 3047 Ac

278 3083 363 3142 sicuti
381 3083 412 3140 in
429 3083 620 3144 describendo
641 3088 696 3146 zeli
713 3090 805 3147 divini
822 3091 930 3148 ardore
947 3100 1098 3162 versatur,
1126 3091 1170 3150 ita
1196 3090 1292 3148 oratio
1316 3089 1379 3148 eius

277 3183 345 3260 ipsa
361 3185 428 3260 igne
445 3187 664 3261 quodammodo
678 3197 708 3248 et
721 3191 847 3250 flammis
860 3191 987 3267 flagrare
1001 3191 1132 3262 ridetur3
1151 3191 1290 3266 apposite
1303 3190 1380 3248 enim

277 3284 467 3344 Lowrmus⁵
480 3286 580 3344 stilum
592 3289 656 3348 eius
669 3290 715 3349 his
727 3291 903 3366 perstrinxit
921 3292 1035 3351 verbis:
1054 3311 1115 3363 „ex
1132 3293 1268 3350 ommhua
1285 3291 1381 3348 mino-

247 3461 255 3476 ·
276 3385 360 3443 ribus
377 3385 529 3460 prophetis
546 3406 632 3445 nemo
650 3390 764 3448 videtur
781 3411 909 3468 aequare
927 3391 1154 3464 sublimitatem,
1181 3392 1333 3464 ardorem,
1352 3400 1381 3450 et

278 3484 403 3544 audaces
422 3485 544 3559 spiritus
561 3485 736 3560 Nahumi;“
755 3511 808 3549 nec
825 3511 885 3549 non
902 3491 1080 3552 assentimus
1094 3493 1299 3565 Rauennam,
1318 3492 1380 3569 qui,

281 3725 407 3775 ntIudaei
417 3727 539 3777 Manarse
556 3739 680 3793 regnante
697 3734 724 3780 in
743 3735 903 3783 atrocissima
920 3744 1024 3799 peccatu
1042 3740 1137 3788 reversi
1155 3740 1238 3788 minas
1255 3738 1313 3786 illas
1330 3738 1382 3786 iam

280 3816 414 3860 eventuras
431 3814 653 3875 pertimescerent:
675 3817 768 3866 eodem
786 3819 854 3866 enim
871 3825 986 3882 tempore
1003 3821 1108 3871 Nahum
1131 3824 1193 3886 ipsis
1210 3823 1325 3886 Assyriis
1342 3823 1381 3870 in-

279 3895 382 3943 teritum
399 3895 503 3956 instare,
520 3897 629 3948 Iudaeis
642 3907 727 3950 autem
745 3902 853 3950 salutem
872 3908 898 3950 et
915 3902 1099 3955 redemtionem
1117 3907 1262 3957 affirmavit.

331 3979 356 4039 1)
372 3979 425 4030 Cir.
444 3981 523 4045 Zeph.
541 3983 582 4044 II,
602 3985 722 4036 13-15.

329 4061 354 4122 2)
372 4063 425 4112 cfr.
444 4065 536 4118 Ezech.
554 4069 657 4118 XXXI.
676 4068 798 4130 XXXII,
817 4073 849 4118 22
867 4087 900 4120 ss.

330 4147 356 4290 33
373 4149 426 4199 Otr.
445 4149 626 4202 Harvumocnn
643 4153 725 4202 Vorll.
744 4151 809 4203 fiber
826 4153 868 4203 die
886 4147 977 4206 Theoi.
996 4157 1041 4207 des
1060 4159 1093 4207 A.
1107 4157 1139 4207 Τ.
1156 4175 1181 4222 p.
1194 4160 1251 4208 160.

330 4231 347 4279 4
374 4233 426 4282 err.
444 4237 520 4298 p.4s.
538 4239 580 4286 51.

329 4319 354 4380 5)
372 4317 424 4367 Cfr.
442 4319 545 4370 Lowrs.
563 4319 595 4370 de
614 4335 687 4370 saera
705 4323 775 4386 po'e'si
793 4323 885 4373 Hebrr.
906 4323 928 4385 ξ.
941 4325 999 4374 281.
