3124 4988
606 315 852 372 Peouncounun.
866 312 951 372 ‘Cata
963 314 993 371 J.

551 650 577 724 §-
595 656 621 708 2·
656 665 704 712 on
725 663 873 714 omenta
891 661 1050 712 nanum.

299 800 447 873 Quoniam
466 799 502 856 de
518 800 637 856 nomine
656 799 802 871 diximus,
828 798 909 874 quod
929 797 1068 856 vaticinio
1086 797 1251 873 praefixum
1269 815 1353 872 repe·

151 881 163 964 ,⁵
249 900 338 972 nitur,
362 900 427 956 iam
446 899 482 956 de
505 899 619 974 origine
639 902 784 976 agendum
802 907 847 958 est
863 898 973 956 ibidem
990 897 1140 955 declarata
1157 917 1184 955 v.
1211 892 1353 971 *wishem

249 1019 308 1076 quo
326 1000 484 1058 secundum
502 999 716 1074 amplissimam
733 999 936 1074 exemplorum
958 997 1178 1055 similitudinem
1202 997 1350 1065 docemur,

242 1099 421 1157 Nahuminn
434 1109 535 1158 natum
551 1100 644 1158 fuisse
660 1101 691 1158 in
709 1100 820 1175 oppido
839 1118 862 1157 s.
879 1097 1092 1156 vieoElkosoh.
1119 1096 1355 1171 Deprehenditur

249 1201 326 1257 enim
344 1201 525 1258 consuetudo
542 1200 573 1257 in
591 1201 622 1258 ll.
640 1219 700 1271 ss,
720 1208 753 1258 ut
770 1219 873 1257 eorum
889 1199 1100 1273 prophetarum
1119 1196 1170 1271 qui
1188 1215 1242 1254 nec
1258 1195 1361 1256 nobili¹

249 1301 378 1375 quodam
396 1319 502 1376 genere
519 1301 577 1358 orti
595 1321 649 1359 neo
666 1300 806 1358 eximiam
823 1299 882 1374 ipsi
900 1298 1099 1356 celebritatem
1116 1296 1195 1353 nacti
1217 1296 1351 1365 fuissent,

228 1395 377 1475 ¹patriam
396 1420 537 1458 unacum
555 1401 673 1458 nomine
690 1399 927 1459 inscriberentin
942 1397 1051 1468 titulis,
1071 1396 1181 1473 quaab
1195 1396 1353 1454 eliiseius·
1401 1425 1402 1429 ¹
1449 1463 1452 1470 7

209 1553 211 1557 .
250 1501 316 1558 dein
334 1501 462 1558 nominis
480 1501 551 1558 vir-is
577 1501 834 1576 distinguerentur.
868 1497 921 1558 Sic
930 1497 1014 1556 'Ahia
1037 1497 1203 1555 declaratur
1226 1495 1354 1556 Silonita
1532 1517 1538 1548 -:

252 1601 354 1676 lReg.
372 1601 419 1657 XI
429 1643 437 1672 ‚
455 1606 503 1672 29,
528 1601 625 1658 Micha
641 1601 821 1660 Morasthita
840 1599 983 1670 michal,
1004 1604 1033 1670 1,
1060 1597 1200 1656 Ieremias
1217 1598 1357 1655 Anatha.

249 1701 361 1760 theosis
379 1702 482 1759 Ierem.
500 1701 627 1773 XXIX,
648 1682 671 1760 1'.

298 1803 468 1878 Antequam
485 1811 583 1860 eutem
600 1803 636 1858 de
653 1803 711 1860 situ
727 1801 815 1858 huius
833 1799 937 1875 oppidi
960 1819 1152 1877 quaeramus,
1171 1797 1353 1858 absolvenda

250 1918 352 1958 eorum
369 1902 471 1978 opinio
490 1910 553 1974 est,
572 1903 623 1979 'qui
641 1911 788 1977 patrem
805 1901 969 1975 prophetae·
984 1921 1015 1957 ν.
1032 1897 1123 1975 'phorm
1147 1899 1271 1956 indicari
1289 1897 1352 1954 exi-

251 2001 444 2059 stimaverint.
471 2001 555 2074 Quae
571 2009 631 2060 non
649 2008 755 2058 exorta
772 2019 874 2058 recens
897 2007 956 2070 est3
980 1999 1117 2056 Hmnon.
1142 1999 1173 2056 in
1198 1996 1352 2074 prooemio

251 2110 416 2159 asseverat:
442 2102 585 2177 „quidam
607 2110 713 2178 putant
729 2100 923 2160 Helcesaeum
945 2108 1059 2174 patrem
1083 2117 1147 2158 csse
1164 2098 1300 2169 Nahum,
1324 2106 1355 2154 et

251 2203 408 2260 secundum
426 2203 584 2259 hebraeam
602 2203 791 2260 traditionem
810 2200 899 2258 etiam
916 2200 1014 2274 ipsum
1027 2199 1202 2275 prophetam
1216 2199 1351 2268 fuisse;“

250 2321 304 2359 neo
321 2303 423 2378 ignota
440 2300 578 2360 Ormn'no
596 2312 677 2375 erat,
696 2321 761 2360 cum
776 2301 903 2359 diceret:
923 2291 1171 2382 „dnlqwtlptello
1195 2291 1268 2379 γὰρ,
1292 2285 1351 2371 οὐχ

250 2388 296 2470 ὡς
317 2393 354 2458 ἐκ
376 2393 517 2482 πατρὸς,
546 2390 617 2461 ἀλλ’
641 2391 687 2474 ὡς
713 2395 750 2460 ἐκ
775 2393 882 2460 τόπου
903 2394 1030 2476 μᾶλλον
1057 2397 1117 2460 τοῦ
1135 2388 1350 2459 Ἔλκεσαίου’

250 2493 308 2558 καὶ
329 2489 428 2560 τοῦτό
451 2515 562 2582 φαμεν
583 2494 621 2572 ἐξ
632 2489 922 2580 ἀναγινωσκόντων
935 2489 1064 2574 ἔχοντες
1077 2494 1137 2582 τὴν
1152 2488 1350 2579 παράδοσιν.

250 2607 279 2656 et
295 2601 375 2675 apud
392 2602 592 2658 Errrr'mruum
609 2602 646 2658 de
662 2601 730 2660 ritis
749 2601 856 2677 proph.
875 2619 900 2658 c.
915 2602 1024 2674 XVII,
1043 2603 1093 2660 ubi
1112 2603 1147 2660 de
1165 2596 1354 2674 orIgineNa-

250 2700 329 2757 humi
348 2700 481 2772 disserit,
507 2701 688 2776 adscriptum
706 2709 751 2758 est
767 2702 797 2758 in
816 2701 966 2776 margine:
984 2691 1057 2772 υἱὸς
1068 2691 1267 2761 Ἐλκεσαίον
1282 2686 1351 2758 ἀπὸ

245 2786 380 2874 ’lauded
416 2801 529 2858 Putant
553 2801 641 2858 etiam
665 2802 800 2860 nonnulli
825 2821 872 2859 vv.
892 2802 942 2861 dd.
964 2803 1138 2860 lounrnnu
1161 2811 1277 2876 tergum
1293 2801 1351 2856 huc

248 2899 432 2958 referendum
460 2919 539 2972 esse3
564 2909 596 2958 at
623 2903 714 2959 verba
737 2902 799 2961 eius
825 2917 886 2976 *top
909 2918 983 2962 nano
1011 2901 1041 2958 iu
1065 2909 1352 2979 utramquepartem

248 3007 375 3074 possunt
392 3000 539 3078 torqueri,
558 2999 675 3060 Guoru
692 3011 792 3060 autem
808 3009 838 3060 et
853 3002 967 3061 Dnusrr
984 3001 1144 3075 sententia,
1168 3001 1219 3078 qui
1236 3000 1351 3058 scribae

249 3099 385 3156 mendum
403 3111 530 3177 arguunt
547 3121 603 3176 pro
620 3096 723 3175 *tupho
746 3117 839 3173 nont),
855 3103 1039 3160 coniecturae
1057 3102 1109 3159 rix
1122 3109 1243 3178 superat
1257 3099 1351 3176 digni-

249 3208 349 3258 tatem.
375 3197 499 3260 Secutus
518 3211 563 3261 est
578 3203 655 3260 hanc
672 3203 792 3260 omnino
812 3202 981 3276 opinionem
998 3203 1179 3274 Varenum,
1204 3222 1270 3260 oum
1287 3219 1351 3260 sus-

249 3300 334 3374 pensi
362 3299 436 3359 inter
467 3308 622 3380 utramque
645 3311 675 3360 et
698 3303 803 3379 inopes
833 3302 949 3362 consilii
970 3305 1125 3362 haererent
1146 3305 1352 3370 Arrun-nsua,

249 3399 386 3471 chm,
405 3401 560 3459 anmcn
578 3411 640 3479 typ.
660 3403 752 3461 doetr.
769 3403 894 3479 proph.;
922 3403 1116 3478 grammatica
1138 3403 1254 3478 quidem
1273 3401 1350 3458 ratio

248 3509 404 3576 utramque
422 3502 551 3560 admittit
568 3502 743 3560 sententiam
754 3503 777 3572 ¹;
797 3510 911 3560 atvero
931 3504 959 3579 1)
977 3503 1064 3578 longe
1078 3503 1211 3577 saepius,
1229 3501 1350 3578 nequid

249 3600 484 3674 confunderetur,
498 3603 709 3677 prophetarum
723 3601 851 3660 maiores
866 3610 1007 3660 notantur
1024 3624 1051 3661 v.
1075 3617 1121 3679 ῑι,
1140 3603 1193 3660 cfr.
1208 3603 1265 3660 Ies.
1279 3601 1304 3674 Ι,
1319 3607 1350 3673 13

207 3767 210 3776 ,
247 3684 1349 3780 rer.1,1;1roe.1‘,1;10e11,annal,1;zepn.1,1;sa0h.r,1;

247 3802 279 3877 2)
303 3800 339 3858 de
356 3811 442 3875 patre
458 3801 589 3860 Nahumi
612 3800 685 3861 nihil
708 3802 830 3872 omnino¹
852 3803 993 3862 traditum
1018 3804 1178 3863 memoriae
1200 3813 1261 3877 est,
1284 3823 1350 3862 cum

248 3900 284 3957 de
308 3901 373 3958 vico
397 3900 530 3959 Elkosch
558 3910 605 3959 sat
628 3901 721 3959 multa
746 3903 954 3976 acceperimus.
982 3904 1082 3978 Quare
1104 3925 1205 3964 eorum
1232 3923 1350 3982 quoque
1415 3949 1418 3953 .

247 4000 333 4076 nugis
350 4001 581 4082 praetermissis,
601 4001 650 4077 qui
669 4002 863 4078 symbolicam
882 4003 1011 4081 aliquam
1030 4007 1180 4065 notionem
1198 4026 1213 4063 e
1232 4003 1349 4061 nomine
1415 3993 1416 3997 ¹

247 4099 400 4158 elicuerint
416 4100 535 4177 pluviae
552 4101 698 4160 serotinae
715 4103 757 4180 (v.
777 4100 860 4178 slipi
886 4105 913 4182 )‚
938 4107 1008 4182 quia
1032 4118 1102 4183 post
1118 4108 1221 4166 Ionam
1247 4103 1350 4161 cecinit

246 4241 446 4251 ——-—..-..

299 4323 324 4383 1)
342 4324 394 4374 Clr.
413 4325 517 4377 Grsrrm
534 4327 833 4393 Lehrgebiude§.122,
852 4335 875 4382 2.
