3126 5000
484 1017 685 1092 CAPUT
712 1017 1022 1090 ALTERUM.

704 1254 803 1264 -ι--ι-

251 1423 368 1525 Altera
384 1461 517 1523 vaticinii
538 1481 627 1539 pars,
651 1481 711 1539 qua
733 1461 764 1520 in
787 1461 915 1523 mediam
931 1461 1005 1524 Nini
1026 1461 1159 1541 rapimur
1181 1463 1310 1523 eversio·

200 1585 285 1639 nom,
302 1565 398 1625 tribus
415 1573 445 1624 et
461 1563 529 1639 ipsa
544 1562 711 1622 absolvitur
727 1564 866 1623 numeris.
892 1564 922 1641 I)
934 1564 984 1624 Ad
1002 1564 1174 1642 digrritatem
1186 1563 1310 1624 Israelis

199 1666 411 1727 uindicandam
423 1672 513 1740 atque
523 1663 734 1724 restituendam
747 1663 894 1724 exereitus
906 1665 1024 1742 egregie
1035 1665 1196 1724 instructus
1205 1672 1310 1722 contre

200 1767 315 1827 Ninum
332 1786 352 1826 a
367 1765 498 1824 Domino
522 1763 670 1823 excitetur
686 1783 714 1822 r.
733 1768 820 1837 1-53
846 1763 892 1843 Il)
909 1773 1098 1842 expugnatur
1118 1765 1191 1824 urbs
1213 1763 1308 1822 muni·

200 1867 332 1939 tissime,
352 1864 528 1943 diripiuntur
544 1865 679 1942 ingentes
696 1864 818 1924 divitiae
835 1865 915 1938 eius,
932 1865 1047 1924 incolae
1064 1863 1178 1941 pellido
1197 1881 1310 1941 angore

200 1967 323 2028 cmoiati
345 1967 376 2025 in
393 1967 496 2044 fugam
512 1971 667 2024 vertuntur
683 1966 732 2024 vel
754 1965 940 2025 abducuntur
955 1965 987 2024 in
1005 1963 1145 2026 exsilium
1161 1984 1191 2022 v.
1206 1968 1251 2022 6-
1261 1968 1308 2036 1¹3

200 2069 261 2146 ΠΙ)
277 2077 368 2146 etque
385 2066 461 2127 edeo
478 2066 661 2142 praedonum
678 2065 819 2143 spelunca
839 2065 892 2124 illa
916 2066 1015 2126 diruta
1039 2087 1058 2126 a
1074 2063 1208 2124 Domino
1224 2083 1310 2123 exer·

201 2169 327 2242 rituum,
345 2167 501 2228 trucidetis
516 2166 704 2240 latronibus,
727 2167 840 2244 praeda
857 2167 1008 2240 enuclees,
1034 2167 1153 2227 deserta
1169 2166 1247 2226 iacet
1264 2172 1310 2225 at·

202 2290 260 2348 que
276 2269 428 2341 desolata,
447 2271 603 2327 v.12-14.

634 2525 677 2598 A.
720 2527 873 2598 v.l-5.

253 2669 301 2728 Ac
323 2667 421 2745 primu
445 2666 564 2746 quidem
589 2665 697 2745 capitis
718 2665 866 2743 particula
890 2683 1035 2726 summum
1056 2663 1186 2742 primum
1209 2663 1311 2724 iudicii

202 2768 358 2830 exercendi
374 2769 463 2828 duem
479 2766 638 2846 proponit,
661 2767 783 2828 Israelis
798 2766 1002 2827 liberationem
1020 2786 1050 2826 v.
1064 2769 1095 2838 13
1119 2765 1241 2844 Assyrii
1258 2786 1311 2825 eu·

202 2879 263 2930 tem
291 2868 429 2930 humenis
454 2868 569 2930 viribus
596 2869 708 2930 frustra
735 2867 914 2946 propulsare
941 2866 1066 2926 exitium
1093 2868 1212 2927 student
1234 2885 1263 2926 v.
1282 2871 1310 2941 l,

202 2991 269 3032 cum
286 2971 352 3048 ipse
368 2969 517 3030 Dominus
534 2969 647 3030 scelera
662 2970 806 3030 adversus
823 2987 939 3030 sacrum
955 2968 1084 3028 foederis
1101 2967 1148 3028 sui
1164 2967 1309 3045 populum

203 3069 364 3140 commissa
380 3071 495 3130 ulturus
518 3070 559 3130 sit
579 3090 608 3130 v.
620 3074 646 3129 3.
688 3069 805 3130 Deinde
830 3069 1003 3147 magnificus
1025 3069 1223 3141 exercituum,
1245 3068 1310 3128 irae

202 3170 296 3232 divini
313 3169 533 3242 ministrorum,
551 3169 671 3230 habitus
687 3189 718 3228 v.
731 3173 764 3241 4,
782 3178 813 3228 et
829 3169 953 3228 mirifice
968 3167 1146 3227 describitur
1162 3168 1309 3240 celeritas,

203 3291 265 3352 qus
281 3269 417 3332 curribus
433 3270 577 3330 advolant
592 3269 631 3328 ad
648 3271 751 3329 urbem
767 3269 957 3347 capiendum,
975 3288 1004 3327 v.
1018 3271 1044 3326 5.

657 3511 685 3552 a.
728 3496 854 3554 v.1-3.

719 3664 748 3706 v.
768 3650 793 3704 1.

255 3770 329 3830 Iilccc
345 3773 376 3830 in
391 3771 528 3830 montibus
539 3771 627 3848 pedes
643 3773 736 3830 aanor*
752 3772 828 3842 loeti,
841 3769 1037 3846 praedicantis
1047 3768 1167 3846 pacem!
1188 3766 1312 3839 Celebre,

205 3870 297 3942 ludu,
316 3873 396 3946 serta
414 3880 479 3940 tua,
503 3872 610 3930 moloc
626 3881 693 3930 ceto
711 3875 781 3932 tau!
819 3871 887 3930 Non
904 3873 977 3930 eada
991 3871 1169 3947 proceditur
1191 3872 1312 3946 amplius

204 3989 291 4048 super
308 3981 333 4031 te
355 3989 488 4047 nequam,
515 3980 588 4030 totus
605 3975 755 4032 accinctus
777 3983 818 4031 cst
831 3972 847 4030 ¹.
891 3970 992 4031 Verbo
1019 3986 1079 4030 nin
1102 3969 1260 4044 „deiectos
1282 3979 1312 4029 et

259 4213 284 4275 1)
301 4207 412 4264 Uberius
429 4212 497 4264 hunc
513 4225 614 4266 versum
631 4213 767 4279 explicarit
778 4212 843 4264 Dus.
857 4212 986 4274 linuntur,
1002 4210 1199 4272 dissertatione,
1215 4211 1256 4260 cui
1271 4210 1311 4260 in·

208 4298 327 4366 scriptum
345 4305 397 4350 estz
417 4297 567 4362 ,Nahnmne
580 4299 711 4365 panificus,
728 4297 777 4350 hoc
794 4302 833 4348 est
850 4295 883 4347 de
895 4296 985 4360 pace,“
1005 4296 1073 4362 lips
1086 4294 1200 4357 MDGL,
1216 4296 1244 4346 in
1260 4307 1312 4362 qua
