3124 4988
285 313 334 356 xx.
632 291 877 353 Pronnoournr.
904 293 977 354 Cur.
997 293 1038 354 11.

285 497 342 556 pus
360 477 508 555 quoddam
532 485 561 536 et
578 475 661 554 optio
679 477 758 538 lacta
776 487 836 552 est,
862 497 932 536 num
958 477 1036 537 torte
1058 477 1163 556 poenis
1189 486 1311 554 peecata
1335 497 1390 538 sua

286 579 474 657 gravioribus
491 576 627 654 deinceps
644 579 809 638 subsecutis
831 580 862 638 in
884 578 1096 655 poeniteutiam
1120 578 1194 652 aeti,
1219 580 1257 638 ad
1279 578 1389 638 iustum

287 681 518 757 clementemque.
551 678 713 737 Dominum
746 697 831 738 suum
864 679 987 756 integris
1020 679 1126 739 animis
1164 687 1388 738 reverterentur.

285 779 387 854 Quare
403 780 442 839 ad
458 778 678 856 exsequendam
694 779 877 855 punitionem
886 778 1029 856 Aegyptii
1045 779 1172 856 primum
1190 778 1301 840 Sisalro
1318 799 1388 856 rege

285 889 425 956 ceperunt
441 879 670 956 Hierosolyma;
688 879 793 938 deinde
809 879 847 938 ad
864 878 973 940 Ussiae
989 879 1067 956 regis
1085 887 1227 953 aetatem,
1246 899 1307 957 quo
1324 899 1386 939 ma-

285 981 333 1058 gis
349 980 396 1038 dei
414 986 572 1056 praecepta
589 979 782 1057 neglexerunt
799 987 829 1037 et
846 979 907 1039 suis
925 980 1108 1038 confiderunt
1125 980 1252 1053 viribus,
1279 1000 1298 1038 a
1314 981 1386 1039 vioi·

285 1081 332 1140 nis
349 1079 486 1157 gentibus
503 1079 669 1139 minoribus
686 1081 882 1139 vexabantur.
909 1077 1111 1139 Nihilominus
1126 1080 1281 1140 victoriam
1297 1081 1386 1140 etiam

209 1206 212 1212 ·
285 1189 315 1239 et
331 1180 501 1240 felicitatem
518 1179 645 1256 largitas
663 1189 708 1240 est
721 1179 885 1252 Dominus,
904 1187 936 1238 ut
950 1179 1132 1257 benignitate
1148 1189 1387 1240 converterentur

285 1282 323 1340 ad
340 1278 567 1357 poenitentiam,
591 1289 681 1357 atque
704 1280 778 1338 adeo
794 1279 903 1340 Ussiae
919 1288 1052 1356 tempore
1074 1299 1217 1339 summam
1234 1282 1384 1358 prosperi-

285 1389 376 1440 tatem
404 1381 523 1456 utrique
551 1397 644 1457 regno
667 1379 850 1453 conciliavit,
872 1379 1003 1440 subactis
1026 1381 1164 1440 omnibus
1186 1382 1323 1459 gentibus
1344 1383 1383 1440 ab

284 1481 386 1539 Ezeon
404 1479 505 1540 Geber
521 1479 559 1538 ad
577 1480 785 1557 Thapsacum¹
801 1513 839 1523 —-
856 1489 887 1540 et
904 1499 939 1538 eo
957 1481 1052 1558 magis
1069 1481 1099 1540 in
1121 1481 1271 1540 luxuriam
1288 1493 1317 1542 et
1334 1502 1383 1542 su-

285 1582 418 1657 perbiam
454 1591 484 1639 et
517 1579 641 1638 aliarum
675 1581 849 1656 religionum
879 1580 1069 1656 cupiditatem
1098 1582 1275 1655 inciderunt,
1307 1601 1382 1658 quas

285 1701 402 1762 summa
419 1699 534 1740 morum
551 1680 725 1756 depravatio
742 1690 771 1740 et
789 1681 975 1740 atrocissima
988 1702 1122 1759 quaeque
1134 1683 1268 1742 facinora
1278 1703 1381 1760 seque·

283 1783 402 1840 bantur.
437 1781 537 1856 Quare
554 1799 620 1840 cum
637 1789 779 1840 statutum
797 1781 998 1842 conversionis
1014 1790 1129 1858 tempus
1154 1784 1335 1859 sprevissent
1352 1792 1382 1843 et

283 1882 432 1942 idolorum
454 1881 691 1941 Cauaanensium
708 1882 786 1940 cultu
803 1878 871 1939 inde
888 1901 906 1938 a
923 1882 1012 1940 loaso
1030 1901 1100 1958 rege
1115 1884 1211 1959 magis
1229 1886 1382 1962 magisque

285 1982 523 2060 inquinarentur,
547 1981 696 2040 Dominus
712 1981 864 2040 mortifero
882 1981 989 2040 Ussiae
1005 2001 1083 2040 anno
1100 2001 1153 2058 per
1168 1983 1294 2042 Iesaiam
1312 2002 1382 2060 pro-

284 2083 405 2167 phetam
422 2081 518 2140 diram
535 2081 612 2140 dixit
629 2081 803 2140 sententiam
822 2069 892 2156 (les.
909 2082 982 2160 VI),
1000 2083 1108 2141 utiam
1126 2083 1293 2142 obstinatae
1310 2102 1381 2143 cort·

283 2182 430 2242 tumacioe
452 2189 542 2257 atque
556 2181 696 2257 perniciei
714 2182 915 2253 traderentur,
939 2201 991 2240 neo
1015 2183 1143 2258 amplius
1165 2184 1280 2244 etiamsi
1297 2183 1380 2244 audi·

282 2291 348 2342 rent
364 2283 501 2354 verbum,
518 2280 615 2340 redire
632 2290 661 2340 et
678 2282 790 2340 servari
807 2283 845 2340 ab
863 2281 983 2341 interitu
999 2291 1131 2358 possent.

333 2383 382 2444 Ita
397 2383 507 2441 factum
525 2389 587 2453 est,
610 2390 643 2442 ut
660 2380 762 2440 Iudaei
780 2382 880 2442 statim
897 2381 1099 2442 funestissimo
1116 2384 1194 2444 bello
1213 2404 1232 2442 a
1248 2383 1333 2462 Syris
1351 2393 1381 2442 et

282 2481 482 2558 Ephraemitis
497 2481 582 2540 illato
600 2501 617 2540 a
636 2500 750 2541 summo
767 2482 880 2558 gloriae
896 2482 1018 2559 fastigio
1035 2484 1065 2542 in
1088 2495 1250 2544 extremam
1274 2485 1379 2544 deiice-

280 2592 382 2642 rentur
399 2580 582 2654 miseriam²,
606 2591 650 2654 et,
676 2601 743 2640 cum
759 2583 905 2658 pessimus
923 2603 976 2640 rex
994 2584 1095 2644 Aehas
1112 2586 1306 2661 Assyriorum
1323 2585 1378 2643 irn-

280 2683 430 2759 plorasset
446 2681 605 2754 auxilium,
629 2683 752 2741 arbitrio
770 2702 872 2741 eorum
889 2701 925 2740 ao
941 2701 1034 2758 paene
1051 2683 1245 2742 dominationi
1262 2683 1378 2761 subige-

280 2791 399 2853 rentur3
413 2790 512 2858 atque
529 2782 619 2855 adeo,
643 2801 709 2842 oum
726 2783 794 2859 plus
811 2781 942 2842 ducentis
968 2782 1183 2859 quinquaginta
1204 2784 1290 2844 anuis
1312 2803 1377 2844 oum

280 2881 444 2942 minoribus
466 2883 669 2942 tantummodo
693 2883 830 2960 gentibus
851 2881 1077 2940 conflictandum
1099 2883 1237 2957 fuisset⁸,
1260 2885 1321 2944 iam
1338 2886 1378 2944 ab

278 2981 390 3058 ingenti
407 2999 498 3058 regno
516 2983 664 3042 mundano
682 3003 741 3040 non
759 2983 863 3040 vexari
880 2981 993 3053 solum,
1018 3000 1118 3041 verum
1145 2985 1331 3059 pessumdari
1348 2995 1378 3044 et

279 3081 418 3141 contundi
436 3083 532 3158 coepti
549 3081 854 3152 suntnihttomiuus
877 3081 1076 3158 quadraginta
1097 3083 1160 3144 sere
1183 3086 1269 3144 aunis
1290 3106 1377 3162 prae·

279 3181 397 3242 terentis
414 3180 562 3244 Dominus
580 3183 767 3242 celeberrimo
785 3181 921 3258 exemplo
939 3183 1082 3257 ostendit,
1107 3184 1179 3262 quid
1201 3186 1289 3244 etiam
1312 3195 1376 3246 tum

277 3283 410 3344 valerent
425 3283 543 3355 Iudaei,
561 3283 586 3344 si
604 3302 663 3342 non
681 3302 700 3341 a
716 3282 854 3358 gentibus
870 3282 926 3341 deo
944 3282 1057 3344 infestis
1073 3294 1206 3360 peterent
1219 3286 1374 3359 auxilium,

277 3383 329 3440 sed
347 3400 430 3442 suam
448 3382 642 3459 implorarent
658 3383 784 3459 gratiam
803 3390 832 3441 et
850 3382 1111 3459 omnipotentiam
1136 3384 1281 3461 Assyrios
1299 3385 1375 3444 enirn

277 3483 317 3540 ad
334 3501 478 3542 summum
497 3483 647 3559 potentiae
664 3482 778 3540 eulmen
796 3490 913 3542 evectos
931 3491 1000 3541 aute
1012 3482 1289 3560 Hierosolymorum
1307 3503 1376 3560 por·

328 3725 354 3787 1)
375 3723 429 3774 Otr.
446 3723 512 3774 Kru.
529 3724 695 3776 commentar
716 3725 780 3774 nter
802 3725 844 3776 die
861 3724 911 3775 Bb.
933 3725 981 3776 der
996 3724 1112 3788 Ktnige,
1135 3725 1168 3775 ad
1193 3725 1290 3793 tlteg.
1314 3727 1375 3792 XV,

276 3806 321 3868 16,
337 3808 432 3872 pets.

325 3889 352 3951 2)
368 3891 422 3941 cn.
440 3890 551 3942 Oasrsat
568 3889 615 3940 der
631 3891 957 3956 syrium-ephraimitische
974 3894 1055 3960 Krieg
1072 3899 1121 3960 μθ
1133 3911 1181 3959 sa,
1204 3898 1247 3962 qui
1270 3899 1374 3962 copiose

274 3982 300 4022 et
316 3976 420 4040 egregie
436 3973 469 4023 ds
485 3973 560 4024 huius
578 3973 639 4023 belli
656 3976 757 4024 ratione
775 3984 801 4024 et
817 3977 932 4040 pondere
949 3977 1095 4042 disputavit.

324 4057 474 4118 3),l³raeter
490 4065 589 4108 eeteros
607 4055 667 4120 Syri
684 4058 852 4122 Damasceni,
870 4063 913 4125 qui
931 4063 1053 4126 singulari
1071 4064 1182 4127 quadam
1199 4065 1299 4114 ratione
1316 4080 1373 4114 oum

272 4146 381 4204 utroque
402 4155 482 4205 regno
505 4140 713 4204 continebantur,
737 4145 850 4196 continui
874 4147 929 4198 fere
952 4148 1105 4198 irritamenti
1130 4148 1206 4197 simul
1229 4154 1255 4196 et
1278 4147 1374 4212 flagelli

200 4215 201 4218 '
271 4237 377 4273 munere
394 4223 576 4288 fungebantum
599 4239 706 4290 quornm
729 4227 797 4277 vices
819 4231 870 4281 iam
894 4231 970 4298 longe
992 4234 1095 4295 gravius
1120 4231 1234 4294 agendas
1257 4245 1373 4294 suscepe-

271 4314 331 4356 ruut
347 4309 457 4372 Assyrii.
474 4311 519 4360 cfr.
538 4311 649 4363 Ouarsa!
665 4314 682 4364 1.
695 4314 711 4364 l.
730 4331 753 4380 p.
765 4315 885 4366 19-21.

1533 4221 1535 4292 l

1533 4305 1534 4362 l
