3124 4988
586 925 786 997 CAPUT
814 925 873 995 11.

216 1076 271 1140 DE
290 1076 435 1144 RERUM
453 1075 722 1146 JUDAIGARUM
738 1081 796 1144 ΕΤ
810 1078 1077 1146 ASSYRIARUM
1095 1078 1257 1156 S'l'A'l'll,

203 1191 204 1194 ’
425 1177 544 1256 QUEM
561 1181 759 1248 sencias
776 1180 1035 1247 VATlClNIUM.
1138 1234 1139 1239 ,

684 1351 783 1360 ——-.

414 1523 440 1600 §-
458 1528 484 1582 4.
511 1538 559 1586 ns
578 1537 802 1590 conmmonu
822 1537 1048 1590 mulsorum.

183 1663 306 1760 Sacros
322 1693 524 1754 Israelitarum
542 1699 704 1774 prophetas
721 1707 839 1758 constat
855 1717 915 1756 non
932 1707 1041 1756 temere
1055 1713 1109 1756 nec
1120 1696 1202 1755 nulla
1215 1713 1285 1773 pro·

182 1806 305 1856 vocatos
330 1796 485 1855 occasione
507 1806 537 1856 et
559 1798 735 1858 necessitate
757 1799 849 1858 fuisse
865 1799 1059 1870 vaticinatos,
1085 1813 1188 1855 verum
1206 1815 1284 1856 sum·

179 1897 239 1958 mis
264 1891 401 1973 deinceps
424 1899 623 1974 temporibus,
646 1918 712 1958 cum
735 1884 904 1977 respublica
925 1899 956 1958 in
978 1895 1110 1975 periculo
1135 1906 1165 1955 et
1181 1893 1285 1956 discri-

183 1998 261 2056 mine
278 2006 455 2070 versaretur,
474 2007 503 2056 et
519 1999 639 2057 humani
656 1999 765 2077 ingenii
791 2010 880 2076 atque
903 1997 1018 2059 consilii
1041 1995 1217 2082 impotentia
1241 1996 1286 2055 di·

182 2098 252 2156 ¹rina
273 2099 339 2155 luce
361 2106 391 2155 et
413 2099 526 2158 auxilio
549 2108 656 2176 egeret.
705 2101 774 2160 Hoc
800 2101 877 2159 enim
906 2119 1012 2159 munus
1047 2097 1140 2158 sacris
1162 2096 1286 2156 Domini

182 2198 301 2257 ratibus
317 2197 479 2257 iniunctum
496 2208 575 2272 erat,
600 2209 632 2258 ut
654 2200 756 2259 divino
782 2200 888 2277 spiritu
912 2199 1043 2260 instincti
1071 2206 1161 2275 atque
1176 2197 1285 2256 illumi·

183 2299 264 2370 nati,
280 2317 378 2356 rerum
396 2317 415 2356 a
433 2299 487 2356 deo
505 2307 653 2375 gestarum
671 2300 821 2376 explicata
837 2300 953 2359 ratione
966 2309 995 2358 et
1008 2300 1172 2356 futurarum
1187 2297 1286 2372 specie

183 2395 356 2473 proposita,
379 2396 528 2472 praesenti
553 2399 658 2476 cuique
681 2400 785 2475 populi
812 2399 901 2458 statui
925 2401 969 2458 ita
991 2393 1228 2469 moderarentur,
1252 2405 1286 2455 ut

185 2499 224 2558 ad
241 2497 473 2572 amplectendam
499 2497 638 2571 sulutem,
664 2499 772 2558 sinon
797 2500 935 2559 universa
956 2517 1047 2576 gens,
1071 2487 1165 2556 electa
1186 2489 1284 2556 tamen

184 2599 247 2658 eius
272 2597 381 2656 rudera
404 2599 666 2657 conformarentur.
693 2598 832 2660 Ouiusris
853 2600 943 2676 igitur
965 2597 1097 2658 vaticinii
1126 2615 1232 2656 caussa
1255 2605 1285 2656 et

186 2699 264 2758 ratio
282 2717 299 2756 e
315 2697 456 2774 temporis
474 2698 520 2757 sui
537 2699 706 2758 conditione
723 2701 850 2760 eruenda
867 2709 922 2760 est.

234 2800 299 2858 Iam
316 2815 404 2872 vero,
423 2799 595 2876 priusquam
613 2800 741 2861 civitatis
757 2799 876 2861 divinae
893 2808 1020 2872 statum,
1039 2800 1136 2876 qualis
1152 2799 1285 2859 Nabnmi

186 2907 283 2958 aetate
310 2907 388 2972 erat,
412 2899 613 2960 tristissimum
636 2919 671 2959 ac
689 2919 783 2977 paene
807 2901 994 2977 desperatum
1012 2917 1198 2974 enarremus,
1225 2919 1285 2960 me·

186 2999 282 3058 moria
298 3000 399 3074 paullo
419 2999 508 3058 altius
525 3001 678 3060 redeamus
697 3009 823 3077 oportet.
1205 3015 1207 3020 '

236 3099 298 3158 Ubi
314 3098 515 3158 Israelitarum
531 3101 685 3181 historiam
708 3103 775 3160 inde
799 3101 929 3178 aprimo
952 3099 1062 3177 templo
1086 3101 1224 3160 absoluto
1247 3101 1286 3160 ad

188 3200 313 3258 alterum
329 3217 424 3274 usque
440 3199 598 3274 cogitando
616 3201 851 3275 complectimur,
875 3199 971 3258 medio
992 3200 1055 3257 fere
1075 3200 1152 3257 inter
1173 3207 1285 3257 unum-

189 3319 246 3377 que
267 3299 335 3357 loco
357 3298 539 3356 interiectam
563 3299 695 3358 videmus
711 3299 819 3358 Ussiae
842 3300 921 3374 regis
937 3292 1061 3356 mortem
1078 3297 1119 3373 (a.
1139 3297 1193 3357 Oh.
1212 3300 1286 3376 758).

188 3401 313 3459 Exactis
331 3399 407 3457 enim
424 3399 595 3458 laetissimis
612 3397 781 3459 Salomonis
800 3399 917 3472 diebus,
942 3399 1097 3457 confestim
1114 3399 1207 3474 pestis
1223 3397 1287 3472 illa,

190 3502 244 3559 sub
270 3500 422 3576 superficie
445 3499 495 3558 diu
518 3509 655 3577 grassata
679 3509 768 3576 atque
792 3499 939 3558 interdum
966 3499 1066 3574 palam
1095 3499 1287 3574 deprebensa,

191 3619 305 3659 summa
322 3619 387 3658 oum
405 3600 546 3660 violentia
563 3600 675 3676 erupit:
692 3599 805 3659 invidia
821 3599 1062 3658 decemtribuum
1078 3598 1288 3676 ergaludaeos

191 3699 242 3756 diu
260 3700 389 3758 cohibita
405 3701 640 3776 potentissimam
657 3701 868 3778 rempublicam
885 3699 916 3756 in
941 3701 1015 3758 duas
1038 3700 1180 3758 laceravit
1196 3699 1289 3775 parti·

192 3799 290 3870 culas,
316 3807 345 3856 et
362 3799 491 3859 defectus
515 3821 534 3858 a
550 3800 698 3872 Domino,
724 3801 771 3859 cui
795 3800 916 3860 Salomo
949 3799 1075 3875 primum
1107 3800 1289 3872 conniverat,

192 3907 298 3978 postea
320 3916 384 3962 sese
406 3898 505 3974 ipsum
526 3910 628 3976 aperte
651 3901 785 3973 dederat,
810 3901 854 3960 ita
876 3907 979 3958 auctus
1005 3906 1067 3972 est,¹
1090 3908 1122 3957 ut
1144 3901 1175 3957 in
1196 3917 1289 3974 regno

192 3997 406 4076 Ephraimitico
423 3998 594 4058 idololatria
614 4001 670 4058 rite
686 4001 904 4060 institutavfere
928 4000 966 4057 ad
989 3999 1171 4058 eversionem
1195 4017 1290 4074 usque

194 4119 308 4177 semper
326 4099 459 4172 duraret,
486 4099 599 4180 Iudaei·
611 4108 708 4159 autem
729 4102 805 4159 inter
821 4100 944 4172 Domini
967 4108 996 4157 et
1016 4096 1163 4156 idolorum
1180 4097 1290 4156 cultum

194 4200 329 4278 suspensi
346 4199 435 4258 modo
452 4202 508 4259 hos
530 4200 619 4258 modo
640 4201 724 4258 sslum
748 4208 956 4278 sequerentur3
980 4205 1009 4256 et
1031 4217 1096 4255 cum
1121 4199 1220 4256 decem
1237 4197 1290 4256 tri-

164 4319 166 4324 ·
195 4302 291 4360 bubus
309 4301 407 4362 statim
426 4301 622 4362 destinaretur
638 4300 773 4360 interitus
790 4309 879 4378 atque
896 4297 1072 4370 internecio,
1087 4297 1291 4360 Iudaeis-tem·

1052 4417 1070 4453 n
1079 4406 1091 4434 ⁸
