3126 5000
653 287 725 346 Ona.
741 288 786 361 ll,
805 309 831 347 v.
846 295 871 348 2.
1268 286 1312 356 5l

215 487 312 530 nurus
337 470 533 530 sufflationem
558 470 734 546 intelligeret
764 488 860 530 novae
889 471 968 532 vitae
991 473 1109 532 Iudaeis
1139 474 1248 534 factam
1277 475 1316 534 ab

215 572 409 649 Assyriorum
433 571 553 635 interitu
565 572 582 630 ¹.
629 571 680 628 le
702 571 913 631 recentioribus
942 572 1151 649 interpretibus
1175 572 1316 634 (insutus

215 691 339 748 pravam
355 672 431 730 hanc
455 671 609 730 lectionem
626 671 755 732 retinuit.
791 670 906 745 Quibus
928 671 987 732 iam
1004 674 1104 734 missis
1128 693 1315 751 quaeramus,

216 772 353 849 quisnam
377 780 536 848 consurgat
560 772 598 829 ad
621 771 863 848 dispergendum,
887 781 916 831 et
942 773 1008 850 quis
1032 775 1243 850 dispergendus
1268 775 1316 834 sit.

214 873 256 930 Et
278 891 343 930 oum
366 872 525 930 secundum
548 871 750 932 antecedentia
772 872 864 930 verba
880 873 1073 950 Assyriorum
1098 875 1249 934 interitum
1271 874 1316 933 fu-

216 973 277 1032 sius
307 971 485 1048 descriptum
507 979 725 1048 exspectemus,
753 970 899 1048 Assyrios
923 993 942 1032 a
963 974 1059 1034 Medis
1089 983 1118 1034 et
1139 974 1316 1051 Babyloniis

216 1072 427 1148 dispergendos
444 1072 647 1148 opinabimur3
673 1072 724 1132 sed
749 1089 808 1131 non
831 1073 919 1147 pauci
941 1072 1079 1133 iudicium
1101 1075 1317 1150 suspenderunt

216 1192 234 1250 a
256 1173 365 1232 suffixo
387 1167 527 1246 nsua-tn,
552 1180 581 1231 et
605 1172 746 1249 quoniam
767 1173 797 1230 in
821 1193 869 1231 vv.
887 1175 1037 1234 antecedd.
1061 1175 1233 1234 femininum
1255 1174 1317 1234 fere

216 1271 357 1335 suffixum
373 1271 500 1330 refertur
515 1272 686 1346 adiudam,
704 1272 777 1332 baec
793 1291 912 1350 quoque
929 1276 1031 1334 eodem
1049 1276 1196 1352 pertinere
1213 1275 1316 1336 existi·

216 1381 332 1431 murum
348 1373 425 1444 Ion,
443 1371 570 1445 asson,
588 1371 717 1445 11111011,
737 1376 867 1446 Annua,
885 1374 991 1447 Mrcn,
1007 1359 1154 1435 Honbnu.
1185 1377 1229 1435 At
1244 1393 1315 1434 vero
1365 1381 1378 1455 ᾗ

213 1473 296 1532 illam
318 1471 451 1549 regulam
474 1491 533 1531 non
551 1481 612 1532 tam
629 1491 730 1532 severe
747 1473 901 1533 observari
924 1475 1022 1550 ipsum
1048 1475 1133 1536 docet
1149 1483 1239 1552 caput
1254 1476 1316 1552 pri-

215 1593 295 1635 mum
312 1573 382 1649 (cfr.
397 1592 425 1630 v.
439 1573 484 1649 8),
503 1580 533 1632 et
549 1573 580 1632 in
597 1591 685 1632 versu
702 1582 804 1632 nostro
822 1575 1002 1634 masculinae
1019 1576 1185 1652 imperativi
1202 1577 1316 1636 formae

215 1685 391 1751 sequuntur;
422 1691 517 1750 neque
540 1683 601 1745 est,
631 1673 712 1749 quod
736 1673 842 1745 Hrrz.,
872 1673 955 1748 Ew.,
986 1675 1051 1736 iure
1078 1676 1316 1752 improbantibus

215 1773 334 1846 Unam,
360 1771 474 1844 Meum,
492 1773 674 1832 correxerint
695 1788 774 1860 quq.
817 1773 881 1833 Iam
904 1774 955 1851 qui
971 1775 1097 1836 Iudaeos
1122 1776 1316 1852 compellatos

215 1873 396 1949 intelligunt,
414 1880 466 1934 aut
476 1871 675 1950 Assyrium
692 1853 897 1932 ascendentem
914 1875 1026 1934 faciunt
1039 1877 1186 1948 Versum,
1204 1876 1315 1956 Burin,

214 1973 244 2032 id
262 1974 342 2051 quod
360 1972 512 2032 concinere
529 1972 631 2051 nequit
648 1993 714 2032 cum
732 1993 759 2032 v.
775 1977 806 2045 13
824 1973 876 2034 alii
892 1974 1254 2036 Nebuoadnezarem
1271 1977 1315 2036 vi·

214 2074 298 2146 dent,
317 2073 469 2145 Hmnou„
488 2076 621 2146 Abina,
638 2073 752 2148 Deus,
771 2072 882 2146 (istu,
900 2083 933 2134 at
949 2076 1021 2153 quid
1034 2076 1315 2154 Hierosolymorum

214 2174 346 2247 eversio,
372 2173 424 2234 ubi
445 2175 482 2234 de
502 2174 689 2235 restituendis
710 2174 810 2251 egitur
824 2175 963 2236 Iudaeis?
998 2176 1135 2255 Denique
1156 2178 1180 2238 I.
1199 2177 1239 2236 Η.
1258 2177 1314 2236 Mt·

214 2291 344 2334 cunuurs
367 2273 403 2332 de
421 2272 540 2334 Christo
568 2280 637 2334 ante
660 2273 765 2334 faciem
787 2275 879 2336 Iudae
903 2277 965 2336 sive
981 2276 1148 2349 Ecclesiae,
1172 2285 1315 2355 tanquam

214 2375 366 2434 adsertore
382 2391 419 2432 00
435 2373 549 2432 vindice
566 2375 740 2438 ascendente
756 2375 894 2446 cavillat,
918 2375 985 2434 coll.
1004 2377 1092 2436 Mioh.
1106 2377 1153 2449 11,
1173 2379 1220 2450 13,
1246 2375 1315 2454 Sy·

215 2475 356 2532 riaoam
381 2480 499 2534 secutus
522 2475 704 2546 versionem,
733 2491 810 2551 quae
832 2474 875 2532 sic
902 2475 963 2534 fere
986 2475 1120 2536 exhibet:
1155 2519 1174 2549 ,‚
1183 2477 1316 2537 ascendit

214 2574 320 2635 ductor
335 2563 503 2654 (βρρο)
521 2582 589 2632 ante
606 2582 650 2646 te,
669 2581 698 2632 et
714 2574 905 2632 excubiarum
923 2575 1095 2648 excubitor,
1120 2584 1149 2635 et
1165 2576 1232 2634 viae
1249 2595 1316 2652 spe·

215 2675 344 2747 culator,
368 2681 398 2733 et
414 2658 596 2734 sustentator
618 2673 800 2748 lumborum,
824 2685 854 2734 et
870 2675 1085 2736 validissimum
1102 2676 1193 2735 robur
1209 2676 1314 2748 eius;“

214 2795 314 2834 verum
339 2775 488 2834 enimvero
510 2771 634 2853 munbi>
655 2775 746 2834 habet
766 2775 939 2855 plerumque
967 2776 1075 2838 hostile
1100 2776 1231 2854 aliquid,
1261 2777 1315 2840 cfr.

216 2875 331 2935 Gneus.
351 2876 425 2936 tbea.
443 2894 473 2950 p.
489 2879 569 2949 1028,
588 2893 642 2936 nec
657 2876 744 2935 unius
761 2876 819 2936 loci
838 2877 1004 2952 excipiendi
1021 2877 1099 2938 Gen.
1112 2877 1254 2950 XXXII,
1272 2881 1315 2940 21.
1347 2857 1354 2868 ”

214 2979 248 3034 22
265 2983 379 3036 tantum
395 2975 512 3052 pondus
529 2984 588 3048 est;
606 2985 639 3038 ut
656 2977 842 3050 omittamus,
861 2977 987 3039 Messiae
1004 2979 1183 3055 cogitatione
1200 2987 1317 3040 senten·

215 3075 323 3135 tiarum
353 3076 486 3134 ordinem
508 3094 687 3152 magnopere
712 3077 835 3136 turbari.
861 3109 898 3120 -
932 3078 1130 3138 Referendum
1154 3095 1226 3154 ergo
1255 3079 1317 3138 suf·
1346 3083 1348 3090 ‘

215 3176 308 3234 lixum
325 3176 363 3236 ad
380 3175 491 3234 Ninum
509 3176 727 3248 existimamus,
746 3184 775 3234 et
791 3177 974 3252 imperativis
992 3196 1077 3254 seqq.
1095 3177 1241 3253 appellari
1258 3179 1318 3239 As·
1403 3163 1407 3170 ’

216 3275 344 3352 syrium,
367 3275 574 3350 dissipatorem
591 3287 689 3334 autern
706 3293 771 3334 esee
788 3295 842 3333 nec
857 3276 966 3344 Medos,
984 3276 1066 3337 solos
1083 3276 1130 3334 vel
1148 3275 1322 3361 Oyaxarem·

216 3373 511 3452 (Prsc.,Gnor1us.),
529 3393 583 3434 neo
592 3373 758 3434 Chaldaeos
775 3375 857 3436 solos
874 3376 922 3434 vel
934 3375 1210 3454 Nabopolassarem
1224 3375 1317 3452 (Onus

216 3478 318 3555 uun),
337 3476 389 3540 sed
406 3484 548 3554 utrosque
565 3495 625 3534 una
640 3493 770 3552 persona
786 3476 1023 3552 comprehensos.
1258 3556 1260 3560 Ι

267 3577 356 3637 Prius
376 3595 447 3635 vero
466 3593 554 3655 quam
572 3577 673 3636 hostes
689 3576 893 3652 aggredientes
912 3576 1074 3648 describat,
1094 3575 1199 3634 acerbe
1214 3573 1319 3636 irridet

219 3684 303 3735 vates
314 3677 468 3752 Assyrios,
486 3696 522 3736 ne
535 3676 663 3738 nominis
680 3677 726 3737 sui
740 3674 983 3736 obliviscerentur
1000 3676 1136 3754 gloriam,
1156 3676 1208 3736 sed
1224 3676 1318 3750 probe

217 3794 283 3836 sese
300 3775 484 3851 accingerent
499 3785 590 3854 atque
605 3777 722 3838 fortiter
738 3777 933 3840 defenderent.
959 3777 995 3836 Id
1010 3777 1092 3854 quod
1109 3784 1249 3852 quattuor
1266 3776 1318 3834 ab·

218 3868 344 3936 solvitur
360 3877 497 3936 numeris.
537 3891 609 3944 1131
632 3877 765 3956 plerique
782 3877 848 3938 intt.
866 3879 941 3937 bene
958 3875 1318 3950 01010010110000111110,

269 4135 294 4197 1>
311 4136 467 4188 Auentinus
485 4135 518 4187 de
535 4137 637 4188 civitate
653 4138 704 4187 Dei
721 4137 831 4198 XVIII,
849 4137 891 4186 31.
928 4133 1007 4198 ,Quis
1031 4135 1203 4198 ascenderit,“
1229 4137 1320 4200 iuquit,

219 4220 266 4282 ,ab
284 4219 387 4281 11110110,
406 4225 432 4270 ct
448 4219 616 4270 insufflaverit
632 4221 659 4270 ln
675 4221 768 4272 faciem
785 4219 880 4282 Iudas,
898 4219 947 4270 hoc
963 4225 1016 4280 eat,
1040 4217 1195 4274 Iudaeorum
1213 4219 1321 4286 discipu·

217 4305 300 4354 lorum
319 4301 443 4369 Spiritum
461 4310 587 4367 sanetum,
606 4306 715 4368 recolat,
732 4305 775 4369 qul
794 4304 909 4374 meminit
925 4303 1119 4366 Evangelium.“

1080 4388 1098 4436 4
1109 4387 1121 4416 ᾖ
