3122 5002
618 339 690 400 Onr.
702 339 763 413 III,
781 355 810 399 v.
827 344 868 400 15.
1218 337 1287 406 117

186 523 297 580 fressen
329 527 389 582 ct.“
425 520 474 597 pb*
502 523 634 580 locustae
662 541 769 582 nomen
798 524 883 600 possi
913 523 1084 600 proprium,
1113 525 1241 600 prImum
1271 547 1290 588 a

185 623 280 695 Ioiile,
309 623 437 699 indeque
460 623 511 682 Ps.
538 621 601 695 CV,
627 627 677 696 84,
706 625 763 684 les.
787 625 845 697 LI,
877 629 909 682 27
944 625 1120 697 delibatum3
1155 635 1289 702 repeten-

185 723 255 780 dum
267 741 374 780 nomen
391 723 460 780 inde
476 731 535 797 eet,
554 723 634 798 quod
651 723 785 783 lambunt
801 725 1022 802 quodammodo
1038 725 1170 784 locustae
1187 733 1287 804 agros,

186 823 249 882 sive
270 841 356 882 rasos
378 823 513 882 reddunt.
556 822 720 882 Cauarum
750 825 939 901 opinionem,
966 825 1083 904 quiin
1112 845 1217 886 comm.
1248 828 1287 887 ad

183 923 309 995 Ioelem,
326 924 475 988 Aenum
492 933 625 997 secutus,
644 934 785 1000 quattuor
800 926 982 985 locustarum
995 923 1164 986 nominibus
1179 927 1221 985 ibi
1234 928 1287 986 ob·

184 1023 241 1082 viis
259 1030 354 1082 certas
372 1043 473 1082 earum
490 1031 602 1083 aetates
621 1033 650 1082 et
674 1027 760 1102 quasi
783 1023 966 1086 evolutiones
987 1026 1138 1102 indigitari
1163 1027 1286 1104 cogitat,

182 1117 236 1208 pb*
266 1131 364 1182 autern
392 1124 464 1194 dici,
494 1124 668 1201 priusquam
697 1134 834 1202 quartam
864 1135 959 1185 cutem
984 1127 1116 1200 exuerit,
1145 1127 1287 1186 refutavit

184 1222 340 1282 Huuesru.
359 1223 500 1284 Chr-istol.
519 1225 579 1297 III,
603 1245 633 1301 p.
649 1229 697 1283 149
715 1245 755 1285 ss.
783 1227 954 1304 Ambigitur
980 1235 1095 1299 autem,
1119 1235 1216 1286 utram
1234 1221 1286 1304 pbr

183 1331 286 1382 nostro
315 1325 383 1382 loco
411 1325 451 1384 sit
480 1326 666 1385 acemaurus
696 1343 735 1384 an
764 1327 979 1400 nominatIvus3
1007 1326 1091 1385 illurn
1120 1335 1287 1387 statuerunt

184 1422 296 1496 Onna,
314 1423 430 1498 anon,
449 1425 585 1497 Kanum,
603 1425 687 1498 Em,
705 1425 811 1500 Hrrz.,
835 1429 873 1486 ob
891 1427 1046 1504 sequeutia
1065 1427 1203 1486 nimirum
1220 1448 1283 1501 vu,

183 1524 233 1582 ubi
259 1523 394 1584 linctoris
417 1525 579 1584 similitudo
613 1526 652 1584 ad
674 1525 758 1602 ipsos
790 1527 967 1587 transfertur
988 1528 1143 1604 Assyrios.
1174 1527 1286 1588 Dicunt

182 1632 280 1682 autem
298 1625 345 1683 rel
362 1625 393 1683 in
419 1626 530 1684 oriente
547 1626 730 1686 locustarum
754 1628 874 1702 agmina
896 1627 965 1704 igne
986 1627 1134 1686 interdum
1159 1647 1284 1688 accenso

183 1725 290 1800 depelli
313 1724 482 1802 (Kanum),
503 1725 547 1784 ita
568 1745 691 1803 nempe,
724 1736 757 1786 ut
778 1727 862 1804 ignes
887 1727 1083 1786 accendantur
1105 1729 1221 1804 megel,
1252 1728 1284 1786 in

183 1844 259 1902 quos
277 1825 403 1884 debeant
418 1825 562 1899 incidere,
586 1845 653 1884 cum
676 1846 736 1886 non
759 1814 877 1903 possint
900 1828 959 1888 nisi
976 1837 1057 1886 recto
1075 1827 1179 1886 itinere
1195 1829 1284 1904 proni

182 1925 285 1984 volare
308 1925 421 2002 (Ew.);
444 1945 499 1986 nec
522 1927 691 1999 defuerunt,
716 1927 768 2005 qui
792 1947 808 1986 e
828 1929 920 1988 Lrvro
943 1927 1046 2001 XLII,
1065 1933 1098 1986 10
1120 1937 1150 1987 et
1171 1929 1284 1987 Pururo

181 2025 223 2085 N.
240 2026 281 2085 H.
299 2027 361 2099 XI,
386 2031 419 2084 29
438 2027 606 2100 didicerint,
631 2027 739 2104 gladiis
756 2029 845 2087 etiarn
862 2029 1031 2105 impugnari
1047 2028 1163 2088 belluas
1179 2029 1283 2088 istasll

182 2128 226 2186 At
242 2147 313 2186 vero
340 2145 412 2185 uum
437 2137 550 2186 tautum
569 2128 711 2188 &asmodi
729 2129 978 2204 manipulationes
992 2130 1135 2188 adversus
1151 2129 1285 2206 ingentia

181 2228 361 2286 locustarum
379 2229 498 2304 agmina
514 2227 674 2286 remedium
691 2229 845 2302 afferrent,
870 2228 981 2306 quippe
998 2249 1075 2307 quae
1092 2230 1164 2288 solis
1181 2230 1284 2288 hodie·

182 2347 240 2405 que
264 2330 425 2387 obscurant
441 2329 552 2400 lucem,
576 2337 607 2385 et
629 2347 706 2404 quae
723 2329 802 2404 apud
818 2329 930 2387 Ioblem
946 2329 996 2387 all.
1021 2336 1173 2404 tamquam
1190 2328 1283 2387 inelu-

181 2427 304 2486 ctabiles
320 2427 526 2498 describuntur
542 2427 740 2500 calamitates,
763 2447 840 2504 quae
862 2428 1051 2504 exstinguere
1069 2428 1169 2486 omnia
1192 2437 1283 2505 atque

182 2528 301 2603 depasci
318 2527 429 2599 solent,
448 2546 508 2604 quo
520 2527 763 2604 progrediuntur,
782 2535 896 2586 tautum
908 2528 974 2586 dico
988 2529 1164 2601 remedium,
1175 2537 1216 2587 ,ut
1226 2529 1282 2587 im·

181 2647 283 2688 mensa
305 2627 343 2686 iis
364 2627 560 2704 Assyriorum
583 2635 698 2704 strages
721 2629 819 2686 valeat
841 2629 1028 2704 comparari?
1065 2630 1095 2706 2)
1118 2627 1282 2706 Sequemur

181 2729 272 2806 igitur
290 2728 366 2788 alios
383 2727 559 2804 interpretes
576 2728 714 2800 Murrum,
733 2727 895 2802 Gaurana,
912 2727 1075 2802 Horarum,
1093 2727 1212 2803 Urusa,
1231 2728 1282 2806 qui

179 2830 392 2888 nominativum
409 2839 599 2905 acceperunt:
624 2829 825 2888 devorabitis
841 2837 874 2887 ut
889 2829 1023 2903 locusta3
1053 2830 1100 2888 cui
1118 2831 1281 2889 sententiae

79 2948 82 2959 ’
180 2931 360 2989 contrarium
382 2949 449 2989 esse
463 2929 584 3006 nequit,
607 2929 688 3006 quod
711 2929 813 2988 eadem
831 2929 992 2988 similitudo
1016 2930 1047 2988 in
1069 2931 1172 2988 eodem
1194 2951 1287 2998 versu
1339 2961 1341 2968 1
1393 2909 1395 2912 Ι

180 3030 305 3090 diversis
322 3030 419 3090 modis
435 3031 600 3103 adhibetur,
618 3049 684 3088 oum
701 3039 858 3107 sequentes
880 3050 927 3090 vv.
942 3035 982 3089 16.
998 3035 1030 3088 17
1048 3031 1170 3090 eandem
1187 3030 1282 3090 vicem

180 3131 346 3190 ostendant.

229 3230 336 3288 Altero
357 3231 489 3288 membro
513 3229 694 3289 locustarum
719 3229 818 3308 imago
836 3233 874 3290 ad
892 3232 1086 3308 Assyriorum
1104 3230 1282 3289 transfertur

179 3331 327 3407 ingentem
344 3330 577 3403 multitudinem,
595 3337 686 3405 atque
702 3331 777 3388 adeo
794 3332 956 3390 adnomen
976 3327 1026 3407 ,ab
1043 3330 1157 3389 accedit
1179 3347 1280 3404 uara,

180 3433 261 3510 quod
277 3439 399 3508 propter
415 3430 617 3489 incredibilem
633 3449 802 3505 numerum,
825 3432 864 3490 ad
888 3451 976 3509 quem
1000 3431 1133 3490 celeriter
1154 3431 1280 3506 amplifi-

180 3541 299 3605 cantur,
323 3531 430 3591 belluis
457 3531 523 3590 istis
545 3530 718 3606 impositum
735 3541 788 3590 est.
815 3531 993 3591 Conceditur
1009 3530 1145 3608 Assyriis
1167 3531 1281 3588 numeri

179 3633 379 3709 praestantia,
403 3640 503 3690 tamen
520 3639 616 3690 certus
640 3630 677 3689 iis
700 3631 837 3692 interitus
858 3632 1011 3690 nuntiatur
1027 3651 1055 3689 v.
1075 3649 1121 3706 sq.
1147 3629 1279 3690 Multitu-

180 3733 257 3792 dinis
280 3733 357 3790 enim
381 3732 588 3808 cogitationem
610 3747 749 3807 regnare,
775 3751 872 3810 neque
896 3751 967 3790 vero
991 3731 1163 3808 gravitatis,
1190 3750 1279 3807 quam

180 3853 242 3892 er.
264 3849 324 3893 'mn
351 3831 450 3891 elicuit
467 3832 661 3891 Unenmrms
678 3831 741 3908 (die
762 3833 825 3892 sich
846 3833 877 3890 in
900 3834 1047 3892 schwerer
1061 3831 1136 3890 Last
1157 3833 1212 3890 auf
1233 3832 1280 3890 die

179 3935 292 3993 Biume
308 3933 448 4008 haugen),
467 3951 524 3991 er.
540 3936 572 3990 16
589 3939 688 4007 patet;
703 3940 732 3989 et
748 3953 777 3992 v.
794 3949 855 3994 'mn
873 3933 933 3991 Kal
947 3932 983 3990 de
996 3931 1081 4009 gravi
1094 3931 1279 3990 multitudine

178 4035 286 4110 legitur
303 4031 380 4092 Gen.
398 4032 492 4106 XIII,
509 4037 541 4105 2,
563 4031 622 4091 adi.
645 4047 707 4121 πῃ
727 4035 785 4090 Ex.
804 4033 896 4105 VIII,
914 4033 958 4094 ab.
977 4033 1024 4104 X,
1044 4037 1076 4090 14
1093 4032 1160 4104 all.,
1183 4033 1277 4092 subst.

180 4138 239 4210 aab
257 4134 310 4192 cfr.
328 4133 374 4206 H,
394 4137 434 4190 10.
452 4133 624 4208 Ambigitur
640 4141 738 4192 autem
755 4133 792 4190 de
808 4133 908 4209 priore
924 4133 1007 4190 verbi
1023 4132 1120 4189 forma
1162 4147 1278 4218 asarta,

180 4211 277 4294 utrum
293 4234 375 4293 infin.
393 4233 488 4293 absol.
507 4250 546 4292 an
563 4234 697 4310 imperat.
713 4251 803 4292 moso.
822 4233 860 4292 sit
869 4253 877 4304 3
901 4233 927 4292 si
943 4233 1017 4290 haec
1032 4239 1078 4290 est
1093 4231 1206 4304 forma,
1224 4249 1278 4306 per

179 4333 341 4395 obiasmum
357 4335 506 4394 inversum
522 4335 707 4395 referendum
725 4334 824 4394 estad
842 4333 1015 4410 Assyrium,
1040 4349 1166 4410 sequens
1183 4333 1204 4390 t.
1222 4330 1276 4389 im-
