3126 5000
250 252 275 320 4
699 257 771 317 ΟΑΡ.
785 258 817 329 l,
837 278 863 316 v.
881 261 904 314 1.·

253 443 338 520 plum
355 447 401 500 est
416 445 429 497 1
445 440 625 513 ParalXV,
643 445 691 513 27;
709 443 760 501 ubi
778 443 911 515 fuerunt,
930 441 981 518 qui
999 441 1172 517 prophetiae
1190 441 1359 502 veleamus

251 561 368 603 sensum
386 542 515 618 flagitari
533 550 704 600 asseverent
717 544 831 615 verbis,
850 541 990 600 commoti
1003 542 1131 600 forsitan
1151 561 1180 600 v.
1200 555 1357 616 murman,

252 643 333 722 quod
360 642 408 702 bis
432 642 483 700 ille
508 661 611 701 versus
635 643 735 702 habet.
770 643 906 720 Utraque
930 649 1028 701 autem
1050 641 1149 701 versic
1175 659 1245 701 suas
1269 643 1359 702 habet

252 762 313 802 non
332 741 521 802 difficultates
539 743 653 814 solum,
675 761 777 801 verum
801 761 926 802 errores.
961 741 1041 800 Nam
1058 742 1135 814 illis,
1161 740 1212 819 qui
1229 744 1357 818 prophe-

251 844 325 903 tiam
341 842 528 918 intelligunt,
554 843 627 901 bene
650 843 806 919 respondit
822 843 880 902 On.
897 843 934 902 B.
951 843 1127 901 M1c1mnn1s
1149 842 1181 900 in
1198 861 1267 900 ann.
1286 845 1356 902 ubb.

250 943 424 1021 prophetias
440 942 609 1002 recitandas
627 945 788 1003 secundum
801 943 949 1020 capXVI
966 942 1195 1019 praescripsisse
1206 961 1268 1001 non
1281 942 1357 1002 Che-

250 1043 386 1115 naniam,
404 1043 456 1101 sed
472 1042 634 1114 Davidem3
652 1043 690 1102 iis
703 1063 789 1118 vern,
808 1045 860 1122 qui
877 1044 914 1104 de
927 1052 1015 1102 cantu
1027 1043 1170 1120 cogitant,
1187 1043 1357 1104 universum
1412 1024 1416 1032 Ι

251 1143 357 1220 capitis
375 1151 578 1220 argumentum
594 1143 725 1202 maxime
742 1144 922 1204 contrarium
945 1153 1006 1216 est3
1029 1163 1065 1202 ac
1087 1142 1261 1220 praesertim
1279 1163 1309 1203 v.
1322 1149 1362 1202 22.

250 1243 403 1304 Chenania
414 1243 563 1302 inducitur
575 1251 716 1322 tanquam
729 1247 779 1306 'nn
790 1240 889 1312 umbri
903 1261 965 1316 nm,
980 1244 1082 1302 addita
1094 1244 1222 1303 muneris
1235 1263 1355 1304 mussa:

251 1346 399 1418 „docebat
422 1344 636 1421 gestationem,
660 1345 732 1422 quia
755 1344 817 1402 eius
841 1353 905 1402 erat
927 1345 1073 1419 peritus.“
1113 1345 1195 1404 Inter
1219 1353 1355 1404 cantores

251 1453 349 1504 autem
363 1443 491 1504 Davidis
505 1443 658 1503 Chenania
673 1465 727 1504 nec
744 1465 772 1503 v.
789 1448 887 1502 16-21
907 1464 960 1504 nec
977 1445 1038 1505 ullo
1056 1445 1116 1504 alio
1132 1445 1259 1504 refertur
1275 1445 1353 1518 loco,

251 1545 329 1617 imo,
354 1545 435 1603 iacta
452 1545 514 1604 eius
539 1545 687 1604 mentione
704 1567 733 1605 v.
746 1550 796 1618 22,
821 1553 984 1622 sequuntur
1007 1564 1095 1604 arcae
1112 1546 1231 1604 divinae
1246 1545 1355 1604 ianito-

250 1664 315 1717 res3
340 1654 370 1703 et
395 1645 528 1703 baiulare
550 1663 649 1704 arcam
666 1645 839 1705 levitarum
862 1653 941 1717 erat,
968 1648 1022 1704 cfr.
1041 1666 1069 1704 v.
1084 1651 1109 1705 2.
1130 1649 1176 1718 15;
1194 1645 1284 1704 Num.
1298 1647 1352 1717 IV,

250 1767 279 1804 v.
292 1749 643 1804 lassantlassant
657 1747 788 1823 (numm
803 1747 927 1824 namn),
946 1745 1073 1824 denique
1085 1746 1210 1806 2Paral.
1220 1747 1353 1819 XXXV,

250 1851 267 1904 3
284 1845 419 1905 Davides
435 1845 556 1905 Levitae
573 1846 655 1905 iubet
671 1865 814 1922 seponere
831 1863 930 1904 arcam
946 1847 978 1905 in
996 1848 1122 1922 templo,
1148 1867 1207 1920 „ne
1223 1848 1283 1906 iam
1301 1849 1354 1906 hu-

251 1947 340 2005 meris
357 1965 460 2006 eorum
477 1945 560 2003 oneri
578 1951 677 2006 esset“
695 1961 776 2020 qna:
797 1959 869 2004 niun
883 1940 943 2008 nub
962 1959 1015 2022 pn.
1051 1946 1157 2024 Neque
1174 1967 1244 2006 vero
1262 1949 1352 2006 offen-

252 2046 350 2103 dimur
367 2063 418 2119 eo,
443 2046 524 2122 quod
547 2055 616 2104 ante
633 2044 815 2104 Chenaniam
839 2052 868 2101 et
890 2055 961 2119 post
983 2066 1049 2104 eum
1072 2068 1099 2106 v.
1114 2052 1146 2106 27
1171 2048 1295 2126 legimus
1318 2051 1354 2107 de

251 2144 437 2217 cantoribus3
455 2164 525 2205 nam
538 2166 566 2205 v.
577 2151 608 2203 17
622 2165 662 2206 ss.
681 2145 857 2203 describitur
873 2162 1001 2221 pompae
1017 2166 1119 2206 sacrae
1137 2150 1227 2221 ordo,
1243 2149 1276 2206 in
1293 2169 1352 2228 quo

250 2256 386 2305 cantores
411 2257 442 2304 et
457 2245 562 2304 musici
583 2246 763 2322 praecedunt
785 2255 815 2304 et
838 2255 1000 2321 sequuntur
1016 2267 1116 2310 arcum
1138 2268 1158 2307 a
1173 2249 1287 2309 Levitis
1303 2269 1353 2327 ge-

251 2353 378 2418 statam;
401 2366 429 2404 v.
444 2351 477 2404 27
500 2347 626 2406 amictus
642 2345 770 2406 Davidis
795 2352 825 2404 et
840 2344 1022 2422 reliquorum
1039 2349 1143 2408 eodem
1164 2350 1227 2408 fere
1251 2351 1353 2410 ordine

251 2446 386 2518 additum
417 2446 542 2506 alterum
569 2455 666 2506 autem
695 2462 840 2507 urrumnai
863 2435 1048 2518 ἆσυνὸέτως
1075 2449 1206 2526 positum
1233 2459 1288 2511 est.
1316 2485 1353 2496 -

206 2535 208 2542 ¹
250 2547 284 2625 b)
307 2547 371 2605 Iam
397 2565 468 2606 vero
492 2556 610 2608 constat
632 2548 710 2606 inter
733 2565 835 2606 omues
858 2547 957 2606 oneris
979 2557 1132 2623 potestas,
1155 2551 1207 2609 ubi
1228 2552 1352 2627 proprio

252 2666 341 2708 seusu
358 2647 468 2726 legitur
484 2666 531 2707 ex.
545 2666 590 2726 gr.
608 2653 624 2706 2
638 2649 712 2725 Reg.
725 2648 764 2712 V.
782 2651 815 2705 27
821 2667 829 2719 3
848 2645 926 2707 Neh.
939 2648 1033 2723 XIII,
1052 2653 1092 2709 15.
1113 2655 1158 2722 193
1178 2652 1233 2710 les.
1247 2652 1351 2724 XXII,

250 2751 284 2806 25
298 2747 354 2819 al,
381 2765 438 2804 nec
460 2731 519 2805 non
540 2747 592 2806 ubi
610 2749 787 2807 transfertur
803 2766 858 2823 per
881 2747 1104 2810 similitudinem
1129 2753 1168 2810 ad
1184 2751 1351 2810 molestiam

251 2856 280 2906 et
306 2865 447 2905 nauseam
472 2846 676 2920 indicandam,
709 2845 819 2908 isam.
833 2848 904 2918 XV,
919 2852 976 2921 333
998 2851 1143 2925 IobVII,
1166 2857 1214 2925 2ος
1240 2851 1350 2912 ISam.

250 2947 344 3018 XIX,
362 2950 405 3004 36.
431 2944 634 3008 Nihilominus
651 2948 750 3007 cuens
766 2948 924 3026 imaginem
937 2949 1151 3027 improbantia
1165 2953 1351 3012 oraculorum

248 3046 344 3108 titulis
366 3046 544 3120 adversarii,
569 3067 605 3106 ac
621 3048 750 3125 primum
772 3049 907 3126 quidem,
934 3053 963 3128 1)
980 3052 1060 3128 quod
1077 3051 1252 3130 inscriptum
1275 3054 1351 3113 eius-

249 3147 331 3206 modi
349 3146 437 3206 etiam
455 3147 602 3209 vaticiniis
620 3148 675 3223 sit,
700 3169 777 3228 quae
799 3168 860 3208 non
883 3149 944 3210 sint
965 3151 1108 3212 minantia
1124 3153 1350 3232 (Dumnacus),

248 3247 341 3308 veluti
357 3245 446 3308 Sach.
458 3249 536 3323 XH,
556 3254 585 3321 13
609 3249 691 3308 cuius
708 3258 911 3326 argumentum
928 3251 1001 3312 satis
1018 3252 1223 3314 existimamus
1240 3270 1352 3330 „grave

248 3355 279 3406 et
307 3347 448 3423 ponderis
477 3349 650 3427 laborisque
678 3350 825 3426 plenum“
854 3369 928 3410 esse.
983 3351 1068 3412 Haec
1094 3363 1191 3414 autem
1218 3352 1351 3412 vaticinii

247 3447 364 3507 indoles
376 3447 533 3508 manifesta
544 3458 679 3526 apparet,
693 3450 719 3510 si
731 3447 851 3510 Israelis
864 3451 983 3510 nomine
994 3447 1166 3528 (taam-bn
1183 3453 1214 3510 'rt
1229 3469 1285 3513 nar
1305 3454 1351 3532 ὀ)

248 3565 309 3607 non
326 3565 399 3624 gens
416 3565 503 3608 sacra
518 3549 663 3623 foederis,
686 3551 738 3610 sed
755 3549 866 3609 inimici
882 3551 1023 3611 ecclesiae
1039 3552 1187 3630 designati
1204 3552 1350 3628 videntur,

249 3647 292 3706 uti
321 3646 473 3706 existimat
500 3648 657 3708 Hunesrn.
683 3648 883 3724 christolss,
907 3671 937 3728 p.
951 3656 1001 3709 272
1015 3671 1072 3725 ss.;
1101 3653 1246 3730 pernicies
1272 3654 1351 3712 enim

246 3754 370 3823 propter
386 3747 570 3808 inimicitiam
581 3747 860 3827 Hierosolymorum
876 3751 1013 3827 gentibus
1028 3752 1185 3814 imminens
1197 3771 1251 3830 per
1265 3772 1352 3813 omne

245 3846 304 3906 hoc
327 3847 479 3906 oraculum
501 3848 686 3910 describitur.
724 3848 779 3910 sin
795 3850 855 3910 alia
870 3851 950 3910 tituli
965 3851 1044 3912 ratio
1061 3861 1121 3927 est,
1139 3862 1170 3912 et
1185 3854 1295 3927 bruel,
1318 3864 1352 3913 ut
1447 3917 1452 3932 ,

246 3965 363 4023 semper
378 3946 455 4020 fere,
479 3949 621 4024 populum
641 3950 787 4026 significat
802 3951 971 4011 universum
989 3986 1026 3996 —
1043 3972 1120 4030 quae
1137 3971 1220 4014 suam
1239 3954 1352 4030 etipsa

246 4045 446 4106 defensionem
462 4048 554 4107 habet
571 4049 749 4126 explicatio,
774 4050 843 4109 licet
859 4051 1013 4112 intricatas
1031 4052 1137 4129 capitis
1154 4054 1243 4112 etiam
1260 4073 1351 4112 exau-

245 4156 315 4222 geat
339 4145 528 4213 difficultates
550 4170 600 4207 -τ
632 4151 730 4210 oneris
759 4163 857 4211 tamen
887 4152 1043 4230 inscriptio
1074 4172 1132 4212 non
1161 4153 1258 4214 minus
1282 4153 1350 4212 ideo

245 4248 468 4324 comprobatur.
501 4249 583 4324 ,Quid
602 4251 677 4310 enim
696 4251 817 4328 gravius
840 4262 885 4314 est
907 4254 1024 4314 funesta
1047 4254 1190 4328 fratrum,
1213 4255 1304 4316 Iudae
1322 4263 1352 4312 et
