3124 4988
291 285 370 330 xvm
654 271 898 361 Pnonnuounus.
925 268 998 330 cnr.
1016 269 1042 328 1.

358 457 389 533 9)
406 454 474 528 Quo
491 451 620 528 accedit,
638 454 720 530 quod
736 453 885 512 vindictae
901 453 939 512 de
955 452 1091 530 Assyriis
1107 452 1269 512 sumendae
1283 452 1394 512 iustru-

291 565 390 615 menta
404 555 488 614 nullo
505 555 595 613 modo
613 573 666 612 nec
683 555 873 614 nominantur
888 572 985 631 neque
1006 554 1108 630 aliquo
1130 553 1326 630 indigitantur
1347 553 1393 614 in·

291 656 384 727 dicio:
402 657 460 714 hoc
476 655 572 716 solum
589 655 705 716 videtur
721 654 852 726 moneri,
870 673 930 712 non
946 656 985 712 ab
1003 653 1181 732 Aegyptiis¹
1198 653 1310 712 Ninum
1327 655 1393 712 fore

291 775 434 816 eversam.
485 757 526 814 Et
543 774 609 814 cum
626 775 662 814 ca
677 755 740 813 fere
757 755 968 814 consuetudine
984 773 1085 814 omnes
1103 754 1242 832 deinceps
1264 755 1391 832 prophe·

289 867 340 918 tae
356 855 578 929 contineantur,
604 865 637 914 ut
660 875 721 932 quo
744 854 868 932 propius
890 855 990 914 absint
1010 856 1048 914 ab
1067 855 1219 915 eventibus
1237 855 1391 914 vaticinio·

290 977 372 1030 rum,
399 977 434 1015 eo
461 955 629 1016 distinctius
654 965 745 1033 atque
761 955 947 1031 expressius,
971 955 1058 1014 sicuti
1075 956 1191 1029 omnia,
1216 955 1260 1014 ita
1282 955 1392 1014 instru-

290 1065 397 1117 menta·
407 1077 527 1136 quoquc
543 1053 662 1116 divinae
674 1056 841 1128 ¹voluntatis
857 1055 1042 1129 describant,
1065 1077 1126 1114 non
1149 1066 1257 1116 temere
1274 1056 1391 1116 conclu·

290 1160 408 1231 demus,
431 1157 563 1217 Nahumi
587 1158 739 1215 oraculum
762 1157 836 1216 satis
859 1156 910 1216 diu
933 1175 999 1216 esse
1023 1157 1206 1216 enuntiatum
1231 1166 1390 1234 antequam

286 1258 428 1318 eveniret.
454 1257 542 1317 Hanc
564 1265 661 1318 autem
682 1257 828 1316 rationem
854 1257 928 1316 sutis
951 1275 1071 1334 gravem
1094 1258 1182 1334 plane
1198 1257 1391 1335 neglexerunt

285 1359 446 1418 *sumnus
470 1357 697 1431 etH1rz1u1us,
722 1359 801 1434 qui,
816 1371 959 1434 quantum
981 1366 1084 1434 posset
1106 1359 1169 1417 fieri
1191 1359 1328 1434 proxime
1350 1358 1389 1415 ab

285 1467 399 1518 'eventu
428 1459 640 1530 constiterunt:
672 1477 797 1534 quorum
821 1459 1001 1518 sententium
1030 1459 1097 1518 ideo
1125 1478 1244 1536 quoque
1266 1476 1390 1536 prorsus

289 1556 518 1635 improbandam
535 1575 701 1632 censemus,
726 1559 806 1636 quod
830 1559 976 1617 humanae
998 1559 1075 1619 vatis
1098 1560 1186 1618 menti
1212 1567 1302 1636 atque
1318 1557 1390 1618 deli-

285 1659 436 1718 berationi
453 1659 574 1718 nimium
588 1660 734 1731 tribuunt:
752 1659 783 1718 id
802 1659 883 1734 qnod
900 1660 1050 1735 expressis
1066 1661 1199 1718 Ewanur
1215 1659 1314 1718 verbis
1330 1656 1390 1716 illis

291 1762 519 1836 comprobatur,
545 1760 652 1836 quibus
670 1759 900 1835 disputationem
918 1779 1002 1818 suam
1019 1761 1184 1820 inchoavit:
1207 1760 1276 1833 „die
1293 1758 1390 1817 Weis-

291 1879 407 1938 sagung
419 1879 514 1920 mass
529 1861 620 1919 dunch
632 1861 687 1918 den
698 1860 866 1936 Kriegszug
878 1861 1041 1936 mdchtiger
1053 1861 1165 1919 Feiudo
1178 1879 1270 1937 gegen
1279 1859 1391 1918 Ninive

287 1961 456 2020 vercnlasst
473 1960 580 2032 scin;“
598 1979 635 2018 ac
650 1961 720 2018 licet
736 1961 897 2019 addiderit:
916 1960 984 2033 „die
995 1959 1226 2036 Schilderungen
1244 1979 1302 2018 von
1314 1960 1390 2016 Ero-

286 2062 403 2136 berung
419 2061 479 2118 und
495 2062 688 2136 Plirnderung
705 2044 843 2120 Nineve's
860 2060 927 2120 sind
944 2081 1035 2134 zwnr,
1061 2079 1096 2120 so
1113 2061 1171 2119 wic
1187 2061 1231 2120 sie
1247 2060 1311 2118 hier
1327 2068 1390 2118 ent·

288 2161 403 2221 worfeu
421 2161 553 2234 werden,
573 2179 638 2220 aus
655 2161 735 2219 rein
752 2160 1051 2237 prophetischcr
1068 2162 1323 2236 Anschauung
1340 2178 1389 2236 ge-

287 2253 426 2348 llossen“¹
444 2295 481 2304 -
498 2270 596 2320 tamen
614 2261 660 2334 id,
678 2262 762 2339 quod
776 2262 897 2338 proprie
914 2261 970 2320 dici
988 2262 1075 2322 debet
1086 2262 1306 2339 propheticum,
1323 2262 1389 2320 iuu-

286 2363 368 2420 ditus
391 2363 524 2435 sustulit,
549 2359 616 2420 cum
639 2371 840 2422 asseveraret:
872 2362 984 2435 „allein
1008 2361 1102 2422 soviel
1123 2363 1201 2440 ccigt
1227 2362 1274 2421 die
1296 2380 1389 2439 gance

289 2461 425 2539 Haltung
446 2463 499 2520 der
515 2463 728 2540 Weissagung,
752 2463 822 2523 dass
846 2463 892 2522 eiu
915 2464 1080 2523 drohender
1103 2463 1272 2542 Kriegsaug
1295 2480 1388 2538 gegen

287 2562 396 2622 Ninive
413 2564 562 2622 bereits
579 2563 619 2622 in
636 2564 1008 2640 vollerThttigkeit
1024 2584 1113 2637 war,
1132 2565 1203 2623 dass
1215 2565 1263 2620 die
1276 2561 1388 2620 Grenz·

286 2664 442 2740 festungeu
465 2665 557 2722 schou
584 2663 718 2750 iiclen,
742 2672 780 2722 ct.
799 2672 854 2736 ct,
877 2664 938 2722 und
962 2684 1031 2722 nur
1054 2664 1102 2722 die
1126 2667 1199 2734 Art,
1226 2662 1282 2720 wie
1306 2661 1387 2722 diese

288 2764 435 2824 sichtbare
451 2761 566 2823 Gcfchr
582 2764 623 2822 im
640 2763 826 2823 Verhtltniss
849 2785 885 2822 zu
908 2763 964 2822 den
981 2763 1094 2840 ewigen
1111 2763 1303 2822 Wahrheiten
1321 2763 1386 2822 auf-

287 2865 401 2942 gelasst
421 2864 515 2937 wird,
546 2865 586 2923 ist
615 2864 669 2924 das
694 2864 849 2941 uigentlich
871 2864 1116 2940 Prophetische.“
1149 2865 1231 2938 Ergo
1255 2862 1388 2922 Nahumi

284 2963 456 3023 vaticinium
483 2983 542 3022 non
567 2964 683 3024 videtur
706 2984 724 3023 a
746 2965 861 3024 visione
885 2965 1075 3040 repetendum
1100 2964 1240 3024 divinitus
1257 2963 1388 3024 excitata

286 3074 376 3141 atque
393 3065 545 3124 moderata
558 3063 625 3140 (cfr.
643 3066 675 3139 Ι,
695 3070 708 3122 1
736 3077 810 3140 tutu
840 3061 931 3145 suu),
949 3066 1002 3124 sed
1019 3064 1092 3123 nihil
1109 3073 1155 3125 est
1171 3084 1261 3142 quam
1274 3097 1310 3108 -
1323 3082 1388 3124 cor·

286 3183 352 3224 men
369 3165 560 3224 didacticuml
577 3197 614 3210 -
1375 3229 1377 3234 ,

335 3267 399 3324 Iam
428 3282 499 3325 vero
531 3265 673 3342 temporis
703 3263 818 3323 notatio
843 3264 911 3338 illa,
943 3285 1032 3342 quum
1054 3267 1143 3324 modo
1169 3265 1386 3342 indagavimus,

285 3375 469 3442 quantopere
485 3385 550 3424 cum
567 3365 706 3424 universa
722 3364 853 3424 vaticinii
870 3365 970 3424 indole
983 3367 1138 3438 concinat,
1162 3364 1316 3424 confestim
1334 3383 1387 3440 ap-

284 3464 416 3542 parebit,
434 3465 486 3524 ubi
502 3483 601 3524 rerum
612 3465 798 3525 Iudaicarum
815 3473 925 3525 statum
942 3475 1032 3542 atquc
1048 3464 1247 3524 conditionem
1265 3463 1387 3545 diligen·

285 3566 343 3626 tius
360 3565 612 3642 descripserimus.

336 3757 362 3818 1)
385 3756 532 3808 Thebarum
550 3757 721 3821 expugnatio,
744 3756 947 3818 111,v.8-1o
969 3741 1181 3820 commemoratu,
1205 3757 1238 3808 ad
1262 3756 1386 3822 indagan-

284 3840 344 3890 dam
355 3840 470 3890 Nahumi
488 3845 600 3898 aetatem
617 3839 682 3890 nihil
699 3840 825 3904 pertinere
843 3848 941 3906 potest3
960 3843 1040 3893 missa
1051 3843 1119 3892 enim
1131 3843 1297 3908 interpretum
1309 3842 1387 3908 longe

282 3926 449 3989 plurimorum
467 3924 601 3988 opinione,
619 3937 671 3973 nou
689 3931 874 3988 praeteractam
892 3928 1005 3992 aliquam
1023 3926 1112 3977 afferri·
1126 3927 1237 3990 cladem,
1256 3928 1301 3977 sed
1312 3941 1386 3990 prae·

274 4008 332 4059 ·dici
349 4009 462 4058 futuram
480 4007 668 4070 exitatimamu3
687 4008 714 4056 id
732 4009 800 4072 qnod
818 4011 951 4060 luculentis
969 4013 1125 4076 argumentis
1143 4011 1322 4077 comprobasse
1339 4025 1386 4059 uo-

282 4088 321 4140 bis
338 4091 454 4142 vidcmur
472 4089 643 4156 pst-102.

731 4264 931 4276 mm...-
