3124 4988
507 333 532 407 §.
551 335 577 390 5.
601 332 652 390 Da
669 348 766 390 ansus
784 333 995 390 Assumcnun.
1222 349 1304 390 xum

201 514 251 572 ubi
264 515 395 574 Zabatus
409 514 515 574 fluvius
528 515 558 570 in
572 513 724 589 Tigridem
742 513 835 583 cadit,
853 533 869 576 e
886 514 1007 589 regione
1021 513 1124 589 oppidi
1134 513 1287 572 Messalae
1295 535 1304 586 3

200 615 236 672 de
258 615 380 690 reliquis
404 614 587 672 coniiciendc
609 621 724 672 tantum
747 613 881 672 concludi
904 621 1023 690 potest,
1054 614 1173 671 ubinam
1196 613 1305 670 fuerint

200 713 285 772 sitsi
311 715 377 774 Has
396 723 494 771 autern
511 715 600 772 urbes
630 714 725 790 magis
742 715 896 790 magisque
922 714 1079 789 paullatim
1098 711 1304 788 amplificatas,

199 863 401 873 -———....—.

237 980 263 1042 2)
280 979 385 1030 Statutc
396 980 460 1030 Nini
477 983 542 1044 loco,
561 985 621 1047 quid
643 986 675 1035 de
693 986 798 1048 reliquis
814 985 915 1049 oppidis
934 984 1084 1034 concludere
1101 984 1248 1044 valeamus,
1267 983 1304 1031 vi·

201 1064 312 1113 dendum
336 1071 381 1114 est.
423 1065 508 1129 Atque
533 1067 665 1119 Genesecs
688 1070 792 1132 quidem
814 1068 894 1118 verba
916 1067 981 1117 nihil
1004 1070 1109 1118 omnino
1133 1066 1305 1131 suppeditant,

200 1163 277 1210 quam
296 1148 364 1212 quod
381 1149 466 1200 Resen
489 1153 558 1201 inter
575 1154 688 1204 Niniven
710 1162 735 1203 et
752 1153 851 1202 Kalach
874 1151 959 1202 medio
982 1153 1059 1202 fuerit
1080 1153 1216 1202 interiecta
1239 1151 1305 1200 loco.

200 1232 256 1282 Iam
274 1235 352 1296 igitur
369 1250 425 1284 cum
443 1235 528 1286 Ninus
546 1252 560 1287 e
579 1239 684 1302 ragione
702 1238 833 1288 Mossulae
857 1238 908 1288 sita
931 1239 1035 1286 tumulis
1052 1237 1188 1286 artificiose
1206 1241 1304 1284 exstru-

200 1319 247 1367 ctis
264 1318 448 1370 NebbiYunus
466 1321 515 1383 (de
538 1337 589 1385 quo
612 1321 657 1372 cfr.
679 1322 741 1372 1111.
765 1323 879 1382 Niniveh
901 1337 926 1386 p.
938 1321 1004 1382 316)
1027 1329 1053 1371 et
1070 1319 1229 1384 Kcyundjuk
1247 1319 1305 1382 (cir.

199 1402 260 1451 ibid.
278 1419 302 1467 p.
316 1405 365 1454 253
379 1403 422 1464 ss.)
439 1405 493 1454 fere
511 1405 652 1466 celeratur,
674 1405 802 1458 Kalach
824 1406 972 1471 quaerenda
988 1406 1056 1456 forte
1074 1406 1192 1456 videatur
1208 1406 1236 1453 in
1253 1403 1304 1452 rui·

200 1501 292 1536 narum
313 1489 464 1551 moleilla,
489 1491 529 1539 cui
551 1505 646 1540 nomen
669 1496 708 1540 est
731 1491 817 1541 Kalah
840 1490 951 1555 Shergat
972 1491 1027 1552 (cfr.
1050 1490 1112 1539 Lar.
1136 1489 1198 1539 ibid.
1220 1504 1244 1551 p.
1264 1488 1304 1536 10.

201 1574 307 1635 21511.)
325 1574 392 1622 inter
408 1575 540 1637 utriusque
557 1573 648 1622 Zabaai
667 1588 687 1622 s.
704 1574 768 1636 Lyci
786 1576 893 1644 ostium,
911 1577 945 1625 50
961 1575 1024 1624 mill.
1042 1575 1110 1637 augi.
1130 1588 1206 1637 super
1223 1571 1305 1620 Zaba-

201 1663 255 1706 tum
272 1659 397 1706 minorem
415 1659 480 1718 sita,
505 1672 570 1721 quae
588 1659 615 1706 in
633 1658 763 1706 circuitum
780 1672 862 1722 paene
880 1659 1065 1721 amplissimum
1085 1664 1185 1722 praeter
1207 1660 1305 1706 ceteras

200 1743 288 1790 ruinas
317 1740 464 1789 extenditur
485 1739 567 1800 (4685
587 1740 686 1803 Yards,
714 1742 758 1790 cir.
781 1741 845 1793 Bor.
868 1743 987 1790 Nineveh
1011 1755 1037 1802 p.
1058 1743 1135 1804 102);
1158 1745 1306 1802 sequeretur

201 1824 276 1886 inde,
304 1830 333 1873 ut
354 1825 460 1874 Resen
487 1824 618 1874 videretur
651 1828 821 1875 monumentis
844 1825 1058 1876 Nimrudensihus
1085 1825 1210 1874 contineri
1233 1823 1304 1884 (Lar.

202 1925 226 1973 p.
237 1911 279 1958 11.
297 1910 371 1971 272),
395 1925 445 1973 quo
466 1911 578 1959 nominis
599 1912 678 1960 etiam
695 1911 835 1961 similitudo
858 1911 928 1960 ducit
946 1925 961 1960 a
977 1912 1147 1960 maciacum
1169 1907 1306 1970 nuncupati

201 1985 346 2057 Λάρισσα,
372 2009 422 2057 quo
447 1995 496 2044 nisi
513 1994 665 2044 Nimrudem
689 2010 741 2044 non
764 2011 838 2059 posse
860 1996 998 2058 significari
1023 2001 1075 2044 tam
1097 1999 1222 2044 enatura
1238 1992 1306 2040 lc'co·

202 2093 257 2126 rum
276 2079 330 2142 (cir.
349 2079 428 2128 Tuon.
446 2079 462 2128 l.
477 2077 505 2138 l.)
522 2093 599 2143 quam
617 2093 650 2128 cx
667 2081 766 2130 itineris
783 2081 957 2146 longitudine,
982 2095 1031 2144 quo
1048 2080 1153 2128 Larissa
1170 2075 1307 2138 Mespilam

203 2176 223 2210 s.
240 2162 338 2212 Ninum
356 2179 412 2214 sese
429 2165 569 2228 proiectum
588 2179 644 2214 esse
661 2171 764 2226 narrat,
783 2171 858 2214 extra
875 2180 978 2216 omnem
996 2164 1181 2216 dubitationem
1196 2161 1307 2224 positum

204 2253 243 2296 est
264 2245 319 2307 (cir.
336 2247 430 2298 Rima
448 2249 464 2297 l.
477 2249 494 2297 l.
519 2248 598 2298 Tuus.
616 2249 633 2297 l.
646 2249 680 2309 l.).
704 2249 783 2298 Cuius
801 2252 944 2300 sententiae
956 2251 1071 2312 patroni,
1089 2248 1152 2298 Bou.
1170 2246 1188 2294 l.
1200 2247 1216 2292 l.
1237 2260 1262 2307 p.
1274 2244 1306 2292 98

210 2337 235 2378 at
252 2331 421 2382 Wrcuuuunus
439 2332 571 2396 (zeitschr.
589 2333 615 2380 d.
633 2332 770 2381 deutschen
787 2334 911 2395 morgaul.
930 2333 1070 2382 Cesellsch.
1090 2331 1122 2392 V,
1141 2331 1242 2394 11482,
1264 2326 1307 2375 ubi

209 2415 288 2476 probe
304 2415 419 2478 docetur,
436 2417 565 2481 quomodo
587 2403 647 2469 stlta
677 2414 858 2478 distinguenda
883 2417 917 2464 sit
945 2429 962 2463 a
991 2404 1051 2469 rt'brt
1084 2417 1112 2464 in
1129 2413 1191 2463 libb.
1208 2411 1308 2472 Regum

203 2506 415 2561 commemorata,
438 2507 465 2549 et
482 2514 498 2547 a
515 2500 655 2560 chelmon,
677 2500 754 2548 nimis
779 2499 812 2548 ad
834 2499 967 2548 meridiem
994 2500 1102 2562 remota)
1124 2498 1242 2556 videant,
1274 2507 1307 2542 ne

204 2595 291 2630 merae
312 2585 423 2632 nominis
447 2583 608 2634 similitudini
629 2583 736 2632 nimium
759 2583 886 2646 tribuant3
910 2597 971 2632 nam
994 2581 1081 2632 Kalah
1103 2595 1176 2630 mera
1198 2585 1237 2628 est
1258 2579 1308 2628 loci

203 2673 281 2728 uota,
303 2667 517 2730 quemadmodum
539 2670 566 2718 in
589 2667 679 2716 eadem
702 2668 757 2716 iere
774 2669 880 2732 regione
897 2681 1005 2730 mappae
1029 2665 1214 2730 geographicae
1237 2662 1308 2712 exhi·

204 2751 266 2800 bent
282 2753 352 2802 vicos
370 2751 455 2802 Kalah
467 2753 584 2814 Machul,
602 2751 861 2816 KalaaBureijasch,
880 2751 936 2812 all.;
955 2757 1010 2800 tum
1027 2766 1088 2800 vero
1107 2765 1139 2800 na
1157 2750 1239 2798 altera
1254 2748 1308 2811 qui-

205 2835 263 2884 dem
288 2835 441 2898 similitudo,
470 2852 546 2901 quam
568 2838 635 2886 inter
657 2836 742 2887 Resen
769 2844 794 2886 et
817 2838 948 2886 Larissam
975 2836 1133 2888 intercedere
1158 2835 1308 2886 Bocussrus

204 2919 288 2983 (Phal.
306 2920 363 2981 111,
383 2919 426 2982 20)
444 2920 540 2970 dudum
557 2924 671 2982 notavit,
689 2922 776 2985 magni
793 2921 913 2972 iacienda
929 2921 1038 2972 videtur.
1062 2922 1148 2972 Aliter
1166 2925 1309 2970 statuerunt

204 3005 317 3054 1111111111.
334 3004 457 3064 (Niniveh
475 3021 499 3069 p.
513 3006 554 3067 11)
572 3014 598 3056 et
615 3007 788 3068 anuruscn„
807 3009 850 3070 qui
867 3006 967 3056 Kalach
985 3007 1144 3057 contendunt
1161 3021 1217 3056 esse
1234 3006 1308 3054 Nim-

208 3089 273 3151 rud‚
295 3105 352 3138 cum
370 3090 428 3138 aliis
446 3103 479 3137 err
497 3093 606 3154 caussis,
631 3099 701 3154 tum,
719 3092 781 3155 quia
805 3093 886 3140 ruinis
910 3091 962 3140 illis
980 3093 1130 3156 saepissime
1153 3105 1246 3140 nomen
1269 3092 1307 3138 in·

207 3176 326 3238 scriptum
344 3174 488 3222 inveniatur
506 3173 600 3237 Calah,
618 3176 663 3226 cir.
681 3177 809 3226 Ramnes.
827 3175 1009 3237 Commentary
1026 3191 1050 3238 p.
1061 3176 1101 3224 17.
1121 3177 1166 3235 18,
1193 3173 1309 3222 Outlines

206 3258 336 3323 pXXH,
355 3256 398 3306 ubi
416 3263 546 3306 asseverat
562 3274 586 3306 v.
605 3259 664 3320 dd.;
685 3259 757 3320 ,The
775 3258 975 3318 identification,
999 3259 1020 3306 it
1041 3263 1110 3306 must
1126 3259 1158 3306 be
1176 3256 1310 3316 observed,

206 3343 237 3392 of
250 3343 323 3392 these
340 3348 393 3391 twc
411 3342 482 3392 cities
500 3341 531 3390 of
540 3341 658 3392 Nineveh
676 3341 861 3405 (immediately
880 3344 996 3405 opposite
1014 3350 1041 3392 to
1059 3343 1101 3391 the
1119 3341 1227 3390 modern
1238 3347 1310 3390 town

207 3428 237 3477 oi
251 3425 348 3488 Mosul)
366 3426 418 3476 aud
431 3425 512 3478 Calah
529 3423 607 3489 (upon
625 3426 668 3476 the
686 3428 735 3476 site
752 3425 837 3474 which
852 3425 873 3474 is
890 3441 952 3474 now
970 3425 1051 3476 called
1063 3425 1184 3489 Nimrud)
1200 3426 1222 3474 is
1241 3424 1310 3487 quite

207 3514 329 3576 positive;
351 3513 395 3562 the
417 3525 506 3562 names
530 3505 574 3560 are
596 3511 678 3561 found
700 3527 735 3560 on
758 3526 834 3574 every
857 3509 930 3560 brick
955 3511 1007 3560 aud
1030 3511 1123 3560 almost
1146 3523 1222 3572 every
1246 3508 1310 3570 slab,

208 3595 294 3644 which
309 3597 331 3646 is
349 3597 491 3646 excavated
514 3597 581 3646 from
604 3597 648 3645 the
670 3597 809 3671 respective
835 3594 919 3645 sites.“
957 3593 1059 3644 Nomen
1086 3601 1171 3644 autem
1193 3595 1311 3646 Larissae

208 3680 373 3730 nihilominus
397 3682 431 3730 ad
454 3681 606 3731 Nimrudem
633 3683 760 3746 pertinere
783 3681 913 3744 opinatur,
939 3694 996 3728 cum
1021 3677 1191 3728 aSanheribi
1214 3679 1242 3726 in
1258 3692 1310 3726 me·

209 3766 317 3813 moriam
334 3767 456 3814 victoriae
478 3767 546 3830 apud
569 3766 690 3830 oppidum
715 3765 839 3815 Lachisch
862 3764 895 3813 de
916 3764 1052 3828 Aegyptiis
1077 3770 1233 3828 reportatam
1256 3762 1312 3823 (eir.

209 3849 286 3909 inira)
309 3849 365 3896 urbi
382 3849 463 3898 Calah
484 3850 614 3900 videretur
636 3850 842 3914 superadditum,
865 3848 911 3897 cir.
936 3846 1053 3897 Outlines
1076 3865 1100 3912 p.
1117 3847 1250 3907 XXXVI:
1276 3847 1313 3907 „it

209 3947 269 3995 may
286 3931 351 3982 have
369 3932 433 3980 been
451 3935 478 3981 in
495 3935 722 3984 commemoration
739 3933 768 3982 of
788 3933 827 3982 his
846 3933 943 3996 victory
967 3945 1001 3981 on
1024 3932 1074 3981 this
1099 3935 1232 3990 occasion,
1256 3929 1313 3978 that
1352 3970 1354 3974 .

209 4016 383 4069 Sennacherib
402 4015 534 4066 bestowed
553 4018 595 4067 the
613 4033 683 4067 same
700 4032 776 4067 name
800 4033 834 4066 cn
857 4017 897 4065 his
914 4017 1042 4078 Assyrian
1064 4017 1158 4080 capital
1180 4016 1209 4064 oi
1223 4011 1312 4070 Calah,

210 4119 226 4153 a
243 4106 293 4166 city
311 4101 397 4153 which
414 4101 436 4149 is
455 4101 509 4150 also
527 4101 744 4162 termedLschis‚
764 4091 861 4172 abab,
880 4103 907 4150 in
926 4101 968 4150 the
986 4100 1134 4150 Samariten
1146 4094 1313 4154 Pentateuch‚

209 4187 284 4248 (teste
302 4187 434 4237 Mrcuesns
452 4185 563 4248 spicileg.
577 4186 635 4246 247,
653 4185 698 4234 cir.
716 4185 842 4236 Rawums.
863 4186 1045 4246 Commentary
1063 4199 1087 4246 p.
1099 4182 1140 4242 18)
1158 4181 1209 4230 and
1227 4181 1250 4229 is
1267 4193 1313 4229 na-

211 4273 269 4321 med
286 4272 391 4328 Larissa
409 4271 443 4333 by
460 4269 622 4320 Xsuoruon.“
642 4267 714 4328 Quae
732 4269 860 4332 quomodo
878 4269 1035 4318 accuratiore
1060 4265 1204 4329 scriptionis
1222 4277 1313 4314 cunea-

213 4363 253 4406 tae
271 4358 437 4422 indagatione
455 4355 648 4414 confirmentur,
673 4353 870 4416 exspectandum
888 4357 927 4402 est
933 4371 939 4414 ;
964 4367 994 4402 ac
1017 4353 1037 4402 si
1056 4351 1157 4414 quando
1175 4349 1239 4400 haec
1257 4361 1313 4398 sen·
