3122 5002
608 312 681 374 Car.
696 313 756 387 ΠΙ,
774 334 803 373 r.
820 318 860 372 13.
1215 313 1283 384 111

184 501 231 561 nis
254 498 432 570 similitud03
464 495 844 575 Hunon.=1eviquidem
867 505 949 558 tactu
973 497 1132 576 agitantur.
1167 499 1287 560 Roseu-

184 615 343 660 rssmnnmtt
356 608 386 660 et
396 597 536 658 lezron
554 599 745 670 sententiam,
764 597 872 675 quibus
887 612 980 662 natan
991 599 1079 658 etiam
1093 608 1162 658 sunt
1173 600 1287 662 fructus

183 721 280 778 neque
297 719 369 758 vero
386 699 525 771 arborea,
549 719 607 758 una
630 718 697 758 eum
713 699 895 774 argumentis
912 700 975 760 eius
991 699 1066 759 satis
1082 700 1193 758 dudum
1209 701 1288 760 refu·

183 800 396 871 revisitare,
414 799 461 857 cui
474 798 641 858 addendum
654 799 786 871 videtur,
801 799 945 858 eiusmodi
957 817 1044 860 usum
1055 820 1083 859 v.
1099 813 1154 879 un,
1171 800 1288 878 qualem

185 919 241 959 nos
258 900 440 975 accepimus,
466 899 545 957 haud
562 908 672 958 temere
696 899 801 971 statui,
825 899 877 957 cir.
896 899 962 958 Ew.
981 900 1006 976 ᾗ.
1021 905 1080 973 217,
1094 902 1123 959 h.
1141 935 1178 946 -
1204 895 1287 968 rhun

183 1001 291 1076 copula
306 1000 488 1076 pleonastice
505 1000 638 1072 adiecta,
656 999 747 1058 ntirin
766 999 927 1058 enuntiatis
945 999 1193 1061 conditionahhus
1208 1001 1288 1060 haud

182 1119 253 1159 raro
264 1103 307 1159 lit.
326 1095 415 1163 ruht!
429 1100 537 1158 dietum
550 1117 606 1176 pro
620 1115 687 1172 run,
701 1099 792 1158 veluti
804 1099 881 1175 pluit
896 1094 1016 1174 'ruffin
1035 1099 1287 1174 Iob.XXXVIlI,

188 1205 230 1260 16.
257 1201 321 1258 lam
338 1217 409 1257 vero
426 1200 458 1257 in
474 1199 672 1276 hypotheticis
691 1199 850 1258 enuntiatis
866 1199 1069 1274 imperfectum
1093 1202 1169 1260 solet
1187 1197 1288 1261 condi-

183 1301 280 1360 tiones
305 1307 423 1372 notare,
447 1317 523 1376 quae
546 1301 625 1358 haud
649 1300 856 1360 existimantur
880 1299 1015 1373 evenire;
1045 1300 1139 1373 unde,
1170 1312 1289 1378 praeter

184 1403 257 1459 haec
274 1400 380 1472 verba,
407 1401 573 1459 alisatiam
591 1399 767 1476 excipienda
781 1407 853 1459 sunt
872 1399 1025 1474 exempla,
1049 1401 1157 1478 quibus
1175 1402 1288 1478 simpli-

186 1519 233 1561 ces
255 1499 377 1578 perlecti
393 1501 474 1560 vices
492 1500 569 1576 agit,
592 1499 645 1558 eiu.
664 1500 730 1560 Bw,
748 1500 792 1576 §§.
805 1503 871 1572 342,
886 1499 915 1559 b.
933 1502 999 1574 332,
1014 1519 1039 1560 c.

696 1772 723 1810 v.
744 1755 786 1822 13.

236 1900 323 1960 Unde
339 1910 437 1960 tamen
453 1901 503 1974 iit,
528 1901 712 1978 quaerimus,
738 1901 818 1978 quod
836 1900 1037 1962 validissimae
1053 1903 1150 1980 gentis
1167 1903 1290 1964 castella

186 2002 262 2061 adeo
280 2002 362 2060 nullo
379 2001 535 2077 capiuntur
558 2001 699 2078 negotio?
724 2001 775 2060 ubi
800 2001 990 2060 celeberrima
1010 2002 1063 2061 illa
1084 2011 1115 2061 et
1139 2004 1292 2063 tremenda

186 2103 237 2160 din
254 2102 420 2162 fortitudo?
436 2135 473 2146 -
491 2103 561 2160 En!
576 2104 696 2178 popular
713 2111 777 2160 tuus
792 2101 957 2160 maenia
973 2107 1004 2160 iu
1020 2105 1109 2162 medio
1123 2114 1186 2173 tuo,
1204 2104 1289 2163 loeti·

185 2201 235 2260 dra
252 2205 308 2261 tutia
324 2203 475 2278 aperiendo
488 2204 654 2278 aperturae
665 2211 770 2278 portae
782 2212 875 2260 tarrae
888 2212 967 2273 mae,
984 2205 1102 2262 deuoret
1116 2207 1191 2279 iprae
1201 2214 1290 2263 vectet

187 2312 256 2360 tuot.
282 2317 349 2376 nott
369 2303 501 2360 maxima
517 2303 711 2377 interpretum
724 2320 795 2377 pars
808 2301 847 2360 ad
859 2302 967 2362 milites
980 2303 1085 2375 refert,
1103 2323 1157 2361 nec
1170 2311 1288 2377 temere,

186 2419 252 2460 oum
269 2401 385 2476 legatur
396 2419 431 2460 eo
445 2419 533 2459 sensu
549 2414 603 2478 ort,
619 2401 687 2460 licet
700 2400 839 2476 apposito
852 2400 914 2458 iere
931 2415 1032 2479 auru,
1050 2395 1181 2484 [louhen
1197 2401 1289 2462 Num.

186 2501 314 2572 XXXI,
335 2503 384 2571 323
408 2501 468 2560 Ios.
487 2500 575 2573 VHI,
596 2504 636 2559 13.
662 2500 708 2573 X,
732 2503 757 2558 i.
783 2500 847 2571 XI,
865 2504 897 2571 ῖς
924 2499 989 2558 Iud.
1008 2500 1081 2572 V,'8
1103 2500 1171 2572 ell.;
1195 2522 1291 2580 neque

186 2611 285 2662 tamen
301 2601 471 2660 instandum
488 2599 605 2660 videtur
621 2585 757 2660 definitae
768 2599 838 2658 huie
849 2599 975 2658 notioni.
1012 2599 1207 2662 Fortissimus
1218 2621 1290 2679 ergo

185 2702 349 2779 Assyrios,
374 2719 501 2778 quorum
517 2701 675 2760 bellicosus
692 2708 722 2759 et
738 2709 875 2760 suenone
892 2698 1009 2758 animae
1027 2700 1111 2759 vultu
1128 2713 1159 2760 et
1183 2719 1290 2779 eorpo-

185 2802 228 2862 ris
245 2802 348 2862 habitu
364 2819 524 2878 expressus
546 2802 692 2880 hodieque
714 2801 894 2878 conspicitur
915 2800 946 2858 in
969 2801 1167 2863 monumentis
1184 2835 1220 2847 -
1238 2803 1291 2862 ubi

185 2900 330 2962 illucescit
352 2902 474 2962 ultionis
500 2901 617 2962 divinae
642 2903 720 2974 dies,
738 2901 877 2960 deficiunt
893 2902 986 2960 robur
1003 2911 1032 2961 et
1048 2901 1149 2976 nervi,
1178 2912 1210 2962 ut
1226 2923 1292 2962 mu-

186 3002 323 3062 lierculas
340 3003 582 3078 perterrefactas3
599 3003 631 3062 id
648 3003 729 3080 quod
746 3003 855 3077 partim
872 3001 991 3078 quidem
1009 3001 1048 3060 ad
1065 3003 1158 3062 vitam
1169 3005 1290 3062 mollem

187 3109 217 3160 et
233 3099 436 3176 voluptatibus
453 3101 581 3160 deditam
598 3103 783 3160 referendum
800 3110 846 3160 eat
862 3101 1015 3178 (Krene.)
1040 3119 1130 3177 quam
1157 3111 1291 3162 extrema

187 3207 362 3276 tempestate
379 3201 523 3276 agebant,
546 3201 675 3259 maxime
699 3209 798 3258 tamen
820 3199 858 3258 ad
874 3199 1074 3258 incredibilem
1091 3201 1199 3276 plagae
1216 3203 1291 3260 divi-

186 3319 242 3360 nae
259 3300 319 3361 vim
336 3307 366 3358 et
383 3299 553 3358 efficaciam.
580 3298 630 3360 Sic
646 3301 704 3359 lea.
723 3299 815 3368 XIX,
841 3304 872 3356 16
894 3299 1023 3375 primum
1049 3299 1191 3376 legimus:
1217 3301 1292 3373 „illa

186 3402 234 3460 die
258 3401 315 3460 erit
331 3403 489 3477 Aegyptus
514 3400 669 3458 mulierum
691 3399 804 3472 instar,
833 3407 862 3458 et
887 3398 1087 3458 contremiscit
1110 3408 1139 3457 et
1161 3400 1292 3478 trepidat

185 3521 259 3579 prae
276 3501 438 3578 agitatione
454 3519 560 3560 manus
577 3500 699 3560 Domini
716 3499 915 3572 exercituum,
942 3517 1032 3576 qnam
1053 3499 1180 3575 agitavit
1202 3519 1292 3577 super

187 3621 252 3660 eam
261 3607 297 3674 ;“
315 3601 381 3660 dein
398 3601 539 3660 IeremIas
556 3602 674 3674 eadem,
700 3617 777 3676 quae
792 3599 844 3657 ille
860 3598 956 3674 primo
973 3617 1065 3675 regno
1082 3600 1224 3674 seculari,
1248 3601 1292 3660 al·

165 3735 168 3742 ·
187 3703 244 3760 teri
262 3700 418 3760 Nahumus
436 3709 501 3759 erat
524 3701 667 3774 minatus,
692 3700 731 3758 ad
753 3699 872 3758 tertium
894 3697 1046 3758 transtulit
1063 3697 1291 3774 Chaldaeorum,

189 3819 214 3860 c.
233 3801 273 3873 L,
297 3805 339 3860 37.
365 3801 422 3872 LI,
446 3804 488 3858 30.
518 3833 555 3844 -
577 3816 677 3876 erup:
710 3800 800 3858 LXX
826 3789 860 3860 ἔν
882 3815 956 3871 σοι,
979 3797 1148 3858 Lernaeus
1172 3800 1203 3858 in
1229 3801 1291 3873 dir3

187 3920 257 3960 nam
275 3915 353 3977 nup,
377 3901 420 3959 uti
437 3901 530 3976 probe
547 3900 651 3960 statuit
667 3901 857 3972 Eannsrrns,
882 3907 928 3958 est
954 3907 1087 3973 „tractus
1111 3909 1192 3960 totus
1214 3900 1299 3960 inter.

187 4009 321 4060 extrema
339 4009 450 4078 puncta
467 4000 514 4058 vel
532 4001 611 4058 intra
627 4001 722 4058 fines“
741 3997 814 4074 (vid.
832 3999 1020 4058 Damasum.
1035 3999 1073 4058 ad
1087 3999 1167 4057 Hah.
1186 4018 1217 4074 p.
1232 4004 1291 4058 131.

188 4103 279 4178 not.);
310 4120 363 4159 nec
388 4121 518 4178 unquam
542 4100 670 4159 medium
693 4100 791 4175 ipsum
812 4097 935 4158 alicuius
959 4099 1001 4156 rei
1023 4099 1121 4156 locum
1146 4099 1292 4176 designat,

187 4201 247 4260 imo
265 4201 296 4260 in
315 4201 546 4280 praepositionis
563 4217 639 4276 urna
658 4199 706 4260 vel
733 4218 752 4278 :3
781 4199 856 4256 abiit
872 4205 1050 4275 potestatem
1067 4196 1136 4274 (cfr.
1155 4199 1293 4274 exempla

186 4302 267 4376 apud
292 4300 409 4362 Gnsun.
433 4303 507 4360 thee.
532 4320 556 4361 s.
579 4300 633 4377 u).
674 4280 807 4358 Nimium
829 4298 921 4375 igitur
945 4297 1095 4371 viderunt,
1119 4299 1171 4376 qui
1195 4299 1293 4376 ipsam
