3126 5000
657 334 731 394 Car.
744 333 770 407 1,
788 353 817 393 v.
831 339 857 392 8.
1159 354 1162 360 ’
1261 327 1308 400 27

202 520 329 598 peritur,
346 517 436 580 Lxx
455 511 534 590 τοὺς
553 509 828 597 ἔπεγειρομένους
849 507 908 576 uui
926 510 1005 588 τοὺς
1019 506 1177 598 ἐχθρούς,
1200 513 1308 585 Chald.

203 619 494 698 Triopan-legisse
510 617 646 678 videntur
659 613 779 694 nimpe,
798 635 874 696 quos
892 617 1196 694 sequunturDaunu,
1214 618 1310 690 lusui,

204 719 331 794 (inm,
357 719 603 793 Μιιιυιιιιιοιινιι,
627 727 731 778 eontra
749 722 831 797 quoa
842 717 974 777 Fuerunt
991 719 1010 778 1.
1028 719 1049 777 l.
1066 735 1097 795 p.
1111 722 1144 776 14
1157 735 1197 777 ss.
1215 733 1311 794 appo-

204 821 261 881 site
277 828 393 893 monet,
415 834 491 896 mpu
510 839 576 879 esee
592 818 738 891 excitare3¹
760 819 863 895 legunt
878 837 969 894 porro
992 833 1106 907 ιιρῇιτιᾳ,
1133 828 1162 876 et
1178 831 1210 894 pu
1233 815 1310 876 aoei-

204 922 290 998 piunt
305 939 361 996 pro
379 919 527 998 genitivo,
551 919 628 979 mule
643 919 794 978 intellecto
810 933 843 996 pu
864 917 911 991 11,
930 914 978 991 10,
1001 921 1125 985 Aoum
1152 905 1223 978 dut
1244 915 1310 978 τῶν

205 1009 447 1096 ἀνισταμένων,
469 1020 617 1093 Parmae,
635 1019 799 1079 munau.
926 1013 929 1020 ⁴

254 1121 320 1179 Iam
341 1137 413 1178 vero
435 1120 607 1179 vaticinium
631 1119 679 1178 hie
701 1120 812 1179 editum
837 1120 1021 1178 adverbum
1045 1119 1178 1179 evenisse
1202 1119 1313 1179 donent

205 1221 367 1280 Kaumsur
384 1239 411 1280 a.
429 1221 458 1279 h.
476 1239 505 1280 v.
529 1229 559 1279 et
580 1221 687 1280 Karna
710 1220 784 1296 (Dio
806 1219 914 1278 Eunu.
939 1220 991 1278 der
1012 1213 1179 1279 bibliaohen
1197 1220 1309 1280 Weiss.

205 1319 314 1397 stuttg.
333 1325 400 1378 1844
415 1338 445 1396 p.
461 1321 541 1399 aaa),
568 1339 634 1380 eum
646 1318 784 1380 Dronon.
808 1319 915 1380 sruu.
932 1319 1073 1392 Bibl.11,
1091 1320 1309 1393 intremuerit,

204 1429 276 1499 pust
303 1420 472 1480 diuturnam
501 1420 576 1482 Nini
609 1419 809 1482 obsidionem·
824 1419 992 1497 Tigridem,
1029 1421 1131 1480 multis
1165 1421 1313 1480 imbribus

205 1536 383 1599 magnopere
413 1529 587 1595 exeuntum,
617 1521 768 1598 perruptis
797 1521 890 1580 muris
917 1537 1057 1598 magnam
1088 1521 1172 1581 urbis
1193 1531 1310 1599 pentem

204 1621 380 1693 inundatum
403 1629 466 1679 tum
483 1640 555 1680 vero
577 1640 677 1699 regem
695 1619 949 1697 Sardanapalum,
972 1617 1059 1682 rotun
1075 1623 1226 1698 quoddam
1243 1639 1313 1680 ura·

205 1722 303 1781 aulum
320 1720 485 1781 oonieotum
501 1729 599 1795 ratus,
618 1741 678 1800 quo
697 1739 758 1780 nou
773 1721 867 1779 everti
884 1721 987 1779 urbem
1003 1721 1234 1797 praediceretur,
1252 1720 1311 1780 nini

206 1823 313 1880 durius
330 1821 466 1882 inimicus
483 1819 567 1882 urbia
583 1822 679 1881 faama
697 1829 789 1894 esset,
815 1837 881 1882 sese
897 1813 1160 1881 eum-mulieroulie
1177 1830 1231 1880 ete
1250 1839 1312 1880 cre·

206 1939 313 1981 massa
357 1919 413 1982 cui
435 1921 598 1982 sententiae
621 1921 751 1999 primum
779 1921 888 1994 offioit,
918 1920 999 1998 quod
1028 1939 1067 1979 ex
1089 1922 1185 1982 altero
1207 1937 1313 1982 versun

206 2023 355 2096 membro,
380 2029 410 2080 at
432 2039 470 2082 ex
488 2041 516 2082 v.
532 2027 569 2082 10·
581 2023 631 2082 all.
656 2030 798 2099 apparet,
823 2021 859 2080 de
881 2020 1076 2080 inundatione
1090 2030 1190 2080 vatem
1214 2022 1314 2080 didere

206 2141 260 2198 per
282 2121 455 2199 imaginem
485 2119 591 2182 deinde
622 2123 703 2201 quud
727 2121 883 2182 Diodorus
905 2121 942 2180 de
967 2122 1088 2181 oraculo
1113 2123 1206 2181 verba
1227 2119 1314 2194 facit,

206 2223 287 2300 quod
303 2229 333 2281 et
350 2222 505 2301 antiquum
522 2231 601 2284 esset
612 2257 665 2296 -,
683 2219 840 2281 Nahumua
856 2230 956 2282 autem
973 2222 1026 2281 vix
1040 2222 1199 2299 sexaginta
1215 2237 1313 2280 annos

206 2330 276 2381 unte
292 2323 541 2398 expuguationem
558 2323 631 2382 Nini
647 2321 826 2381 vaticinatur
850 2330 896 2380 eat
917 2355 955 2366 -
974 2329 1009 2380 et
1031 2321 1176 2381 eiusmodi
1193 2321 1315 2380 omnino

208 2429 269 2495 ant,
296 2429 331 2479 ut
359 2421 441 2480 nulla
463 2440 529 2480 aum
551 2422 632 2481 hiaoe
654 2421 755 2480 verbis
784 2420 929 2479 aonuneri
953 2421 1069 2479 ratione
1099 2428 1251 2497 appareat.
1276 2451 1315 2464 -

206 2519 290 2580 Idem
307 2518 414 2580 deiude
429 2520 586 2581 Kanumus
602 2538 632 2598 p.
644 2523 696 2578 258
709 2537 749 2580 su.
767 2529 797 2578 et
813 2515 949 2580 nonnulli
961 2520 1022 2584 ‘alii
1048 2521 1171 2580 alteram
1189 2520 1314 2579 membri

206 2629 323 2698 partem
339 2619 383 2680 ita
399 2621 563 2681 confectam
580 2617 807 2693 contenderunt,
824 2619 971 2694 ut-loeus,
988 2620 1040 2680 ubi
1050 2619 1149 2680 Ninus
1161 2615 1219 2682 fuit
1230 2620 1314 2692 olim,

206 2721 330 2798 reperiri
347 2721 468 2780 omnino
485 2740 544 2780 non
560 2730 678 2798 posset,
695 2720 829 2779 Lucum
845 2719 908 2779 iere
923 2720 1092 2797 ignorantia
1110 2719 1258 2779 commoti.
1282 2719 1315 2780 Is

208 2821 287 2880 enim
303 2822 334 2881 in
351 2821 421 2880 dial.
435 2810 716 2892 Ἐπισκοποῦντες
736 2832 757 2880 t.
771 2821 802 2894 1,
819 2839 848 2897 p.
861 2824 927 2878 292:
962 2807 982 2902 ἦ
997 2811 1059 2897 μὲν
1074 2815 1189 2890 Νῖνος,
1207 2818 1317 2898 inquit,

208 2909 384 2982 ἀπόλωλεν
405 2906 485 3003 ἤδη,
509 2913 566 2981 καὶ
588 2909 685 2982 οὐδὲν
711 2909 802 2996 ἴχνος
823 2911 873 2980 ἔτι
900 2911 1022 2979 λοιπὸν
1042 2907 1160 3000 αὐτῆς,
1188 2907 1260 2980 οὐδ’
1276 2907 1317 2980 dv

208 3011 323 3104 εἴπῃς,
346 3011 435 3082 ὅπου
455 3005 596 3102 nundina
621 3029 651 3080 et
672 3021 783 3080 fatetur
805 3021 995 3080 doctissimus
1016 3019 1206 3078 Boauaunua
1228 3017 1316 3080 Phal.

207 3119 262 3193 1v,
280 3124 315 3178 tt)
331 3139 361 3196 p.
374 3124 440 3194 284,
457 3120 489 3178 in
501 3120 568 3179 loeo
581 3117 655 3179 Nini
667 3121 800 3196 praeciae
813 3120 977 3179 definiendo
989 3119 1103 3177 frustra
1114 3119 1198 3179 viros
1211 3119 1320 3179 noema

208 3237 243 3280 ee
270 3219 406 3296 fatigare.
444 3221 488 3278 Aa
515 3219 641 3278 aliorum
668 3220 905 3280 testimoniorum
933 3217 1020 3296 quasi
1050 3217 1149 3276 uilia)
1177 3217 1318 3294 surgente

207 3338 287 3390 nuno
303 3325 320 3378 e'
336 3327 416 3378 terra
432 3318 514 3378 Nino
530 3319 649 3396 egregia
665 3321 839 3378 confirmata
859 3326 906 3378 est
928 3326 958 3377 et
974 3317 1187 3393 eomprubatur
1201 3318 1234 3376 in
1250 3317 1316 3379 dieu

208 3420 400 3497 praeclarius.
443 3419 523 3494 Quid
544 3418 608 3478 itai
638 3418 689 3478 fua
711 3419 894 3498 aliquamdiu
915 3419 1049 3495 ignotum
1074 3417 1169 3478 tuisse
1185 3415 1260 3477 Nini
1276 3417 1317 3478 ni-

209 3531 287 3594 tum,
312 3529 411 3580 nmen
433 3519 465 3578 iu
487 3519 563 3596 ipsiu
580 3517 679 3578 verbis
697 3519 808 3578 nostris
833 3537 893 3578 non
918 3519 1011 3590 ineat,
1033 3516 1135 3576 ‘laeum
1158 3517 1222 3578 eius
1246 3535 1317 3578 uue-

209 3615 300 3696 quam
323 3621 430 3680 debere
452 3617 580 3680 inueniri
602 3637 692 3696 posse
699 3639 707 3692 3
730 3637 802 3678 'nam
819 3615 882 3681 ut:
904 3631 951 3680 est
972 3617 1156 3690 absolutum,
1180 3615 1317 3678 eonsum-

209 3727 337 3793 matum,
360 3729 390 3779 et
411 3721 509 3780 looum
534 3719 659 3780 alicuius
679 3721 849 3780 absolutum
871 3719 997 3778 reddere
1018 3737 1098 3778 mere
1116 3724 1176 3777 eat:
1207 3717 1315 3792 faeere,

209 3827 243 3878 ut
270 3819 328 3879 iate
349 3819 434 3880 loona
458 3820 602 3880 iam'uou
625 3828 721 3880 uentae
742 3819 824 3880 iilius
853 3821 953 3893 urbia,
983 3833 1144 3896 eousque
1173 3819 1315 3892 extantia,

208 3919 294 3979 ianua
310 3919 360 3979 ait.
424 3955 426 3962 ·
1231 3917 1233 3922 ’

260 4019 341 4094 Quid
357 4027 473 4092 autem,
497 4038 563 4078 oum
575 4021 730 4079 'evertatur
746 4021 835 4093 urba,
861 4019 1013 4095 patientur
1028 4017 1163 4077 incolae?
1189 4020 1316 4074 inimiooa

209 4158 412 4176 hum

262 4261 287 4326 1)
305 4259 417 4326 Collegit
434 4265 460 4310 et
473 4259 594 4324 'exposuit
611 4260 738 4326 permulta
749 4257 859 4312 Tutunus
872 4259 889 4310 l.
902 4258 934 4322 l.,
951 4259 1022 4308 brevi
1035 4263 1170 4324 conspectu
1182 4257 1315 4324 proposuit

210 4345 396 4398 Wmarmonu
414 4345 432 4395 1.
444 4343 461 4396 l.
480 4359 504 4410 p.
517 4345 549 4395 16
562 4359 595 4394 aa.
